@article{aldushin1998InstabilitiesFingeringSaffman,
  title = {Instabilities, {{Fingering}} and the {{Saffman}} - {{Taylor Problem}} in {{Filtration Combustion}}},
  author = {Aldushin, A.P. and Matkowsky, B. J.},
  year = {1998},
  journal = {Combustion Science and Technology},
  volume = {133},
  number = {4-6},
  pages = {293--341},
  publisher = {Taylor \& Francis},
  doi = {10.1080/00102209808952038},
  urldate = {2024-09-27}
}

@misc{amrex-combustionPeleLM,
  title = {{{PeleLM}}},
  author = {{AMReX-Combustion}},
  address = {University of California},
  urldate = {2025-09-09}
}

@misc{archer2020HPCEurope,
  title = {{{HPC In Europe}}},
  author = {Archer},
  year = {2020},
  address = {University of Edinburgh}
}

@book{ascher1998ComputerMethodsOrdinary,
  title = {Computer {{Methods}} for {{Ordinary Differential Equations}} and {{Differential-Algebraic Equations}}},
  author = {Ascher, Uri M and Petzold, Linda R},
  year = {1998},
  volume = {61},
  publisher = {Siam}
}

@inproceedings{assier2014CombustionInstabilityModel,
  title = {A {{Combustion Instability Model Accounting}} for {{Dynamic Flame-Flow-Acoustic Interactions}}},
  booktitle = {7th {{AIAA Theoretical Fluid Mechanics Conference}}},
  author = {Assier, Raphael and Wu, Xuesong},
  year = {2014},
  publisher = {{American Institute of Aeronautics and Astronautics}},
  address = {Atlanta, GA},
  doi = {10.2514/6.2014-3342},
  urldate = {2024-07-15}
}

@article{assier2014LinearWeaklyNonlinear,
  title = {Linear and {{Weakly Nonlinear Instability}} of a {{Premixed Curved Flame Under}} the {{Influence}} of {{Its Spontaneous Acoustic Field}}},
  author = {Assier, Rapha{\"e}l C. and Wu, Xuesong},
  year = {2014},
  journal = {Journal of Fluid Mechanics},
  volume = {758},
  pages = {180--220},
  publisher = {Cambridge University Press},
  doi = {10.1017/jfm.2014.525},
  urldate = {2023-11-22}
}

@article{barenblatt1962DiffusionalThermalStabilityLaminar,
  title = {{On Diffusional-Thermal Stabil\-ity of a Laminar Flame}},
  author = {Barenblatt, G. I. and Zeldovich, Y. B. and Istratov, A. G.},
  year = {1962},
  journal = {Prikladnaya Mekhanika i Tekhnicheskaya Fizika},
  volume = {4},
  pages = {21--26}
}

@article{baum1994AccurateBoundaryConditions,
  title = {Accurate {{Boundary Conditions}} for {{Multicomponent Reactive Flows}}},
  author = {Baum, M. and Poinsot, T. and Th{\'e}venin, D.},
  year = {1994},
  journal = {Journal of Computational Physics},
  volume = {116},
  number = {2},
  pages = {247--261},
  doi = {10.1006/jcph.1995.1024},
  urldate = {2025-09-10}
}

@misc{baumann2024AdaptiveTimeStep,
  title = {Adaptive {{Time Step Selection}} for {{Spectral Deferred Corrections}}},
  author = {Baumann, Thomas and G{\"o}tschel, Sebastian and Lunet, Thibaut and Ruprecht, Daniel and Speck, Robert},
  year = {2024},
  number = {arXiv:2403.13454},
  publisher = {arXiv},
  doi = {10.48550/arXiv.2403.13454},
  urldate = {2024-04-16}
}

@article{bayona2013PropagationPremixedLaminar,
  title = {Propagation of Premixed Laminar Flames in {{3D}} Narrow Open Ducts Using {{RBF-generated}} Finite Differences},
  author = {Bayona, Victor and Kindelan, Manuel},
  year = {2013},
  journal = {Combustion Theory and Modelling},
  volume = {17},
  number = {5},
  pages = {789--803},
  publisher = {Taylor \& Francis},
  doi = {10.1080/13647830.2013.801519},
  urldate = {2025-09-15}
}

@article{bechtold2001DependenceMarksteinLength,
  title = {The Dependence of the {{Markstein}} Length on Stoichiometry},
  author = {Bechtold, J. K. and Matalon, M.},
  year = {2001},
  journal = {Combustion and Flame},
  volume = {127},
  number = {1},
  pages = {1906--1913},
  doi = {10.1016/S0010-2180(01)00297-8},
  urldate = {2024-11-25}
}

@article{beeckmann2017PropagationSpeedStability,
  title = {Propagation Speed and Stability of Spherically Expanding Hydrogen/Air Flames: {{Experimental}} Study and Asymptotics},
  author = {Beeckmann, Joachim and Hesse, Raik and Kruse, Stephan and Berens, Andr{\'e} and Peters, Norbert and Pitsch, Heinz and Matalon, Moshe},
  year = {2017},
  journal = {Proceedings of the Combustion Institute},
  volume = {36},
  number = {1},
  pages = {1531--1538},
  doi = {10.1016/j.proci.2016.06.194},
  urldate = {2025-02-04}
}

@article{bellen1989ParallelAlgorithmsInitialValue,
  title = {Parallel {{Algorithms}} for {{Initial-Value Problems}} for {{Difference}} and {{Differential Equations}}},
  author = {Bellen, Alfredo and Zennaro, Marino},
  year = {1989},
  journal = {Journal of Computational and Applied Mathematics},
  volume = {25},
  number = {3},
  doi = {10.1016/0377-0427(89)90037-X}
}

@article{berger2022IntrinsicInstabilitiesPremixed,
  title = {Intrinsic Instabilities in Premixed Hydrogen Flames: {{Parametric}} Variation of Pressure, Equivalence Ratio, and Temperature. {{Part}} 1 - {{Dispersion}} Relations in the Linear Regime},
  author = {Berger, Lukas and Attili, Antonio and Pitsch, Heinz},
  year = {2022},
  journal = {Combustion and Flame},
  volume = {240},
  pages = {111935},
  doi = {10.1016/j.combustflame.2021.111935},
  urldate = {2024-09-29}
}

@article{berrut2004BarycentricLagrangeInterpolation,
  title = {Barycentric {{Lagrange Interpolation}}},
  author = {Berrut, Jean-Paul and Trefethen, Lloyd N},
  year = {2004},
  journal = {SIAM Review},
  volume = {46},
  number = {3},
  pages = {501--517},
  publisher = {SIAM}
}

@article{bezanson2012JuliaFastDynamic,
  title = {Julia: {{A Fast Dynamic Language}} for {{Technical Computing}}},
  author = {Bezanson, Jeff and Karpinski, Stefan and Shah, Viral B and Edelman, Alan},
  year = {2012},
  journal = {arXiv preprint arXiv:1209.5145}
}

@article{bezanson2017JuliaFreshApproach,
  title = {Julia: {{A Fresh Approach}} to {{Numerical Computing}}},
  author = {Bezanson, Jeff and Edelman, Alan and Karpinski, Stefan and Shah, Viral B},
  year = {2017},
  journal = {SIAM Review},
  volume = {59},
  number = {1},
  pages = {65--98},
  publisher = {SIAM}
}

@book{bird2002TransportPhenomena,
  title = {Transport {{Phenomena}}},
  author = {Bird, R. Byron and Stewart, Warren E. and Lightfoot, Edwin N.},
  year = {2002},
  edition = {2},
  publisher = {John Wiley \& Sons},
  isbn = {0-471-41077-2}
}

@article{blanes2021NovelParallelTime,
  title = {Novel {{Parallel}} in {{Time Integrators}} for {{Odes}}},
  author = {Blanes, Sergio},
  year = {2021},
  journal = {Applied Mathematics Letters},
  volume = {122},
  pages = {107542},
  doi = {10.1016/j.aml.2021.107542},
  urldate = {2023-12-04}
}

@article{boivin2011ExplicitReducedMechanism,
  title = {An {{Explicit Reduced Mechanism}} for {{H2}}--{{Air Combustion}}},
  author = {Boivin, P. and Jim{\'e}nez, C. and S{\'a}nchez, A. L. and Williams, F. A.},
  year = {2011},
  journal = {Proceedings of the Combustion Institute},
  volume = {33},
  number = {1},
  pages = {517--523},
  doi = {10.1016/j.proci.2010.05.002},
  urldate = {2024-05-29}
}

@incollection{borgers2022Chapter25Jacobi,
  title = {Chapter 25: (*) {{Jacobi}} and {{Gauss-Seidel}} Iteration},
  booktitle = {Introduction to {{Numerical Linear Algebra}}},
  author = {B{\"o}rgers, Christoph},
  year = {2022},
  series = {Other {{Titles}} in {{Applied Mathematics}}},
  pages = {271--280},
  publisher = {{Society for Industrial and Applied Mathematics}},
  doi = {10.1137/1.9781611976922.ch25},
  urldate = {2023-11-23},
  isbn = {978-1-61197-691-5}
}

@article{bozorgpour2025RecentAdvancementsFluid,
  title = {Recent {{Advancements}} in {{Fluid Flow Simulation Using}} the {{WENO Scheme}}: {{A Comprehensive Review}}},
  author = {Bozorgpour, Reza and Darian, Hossein Mahmoodi},
  year = {2025},
  journal = {Journal of Nonlinear Mathematical Physics},
  volume = {32},
  number = {1},
  pages = {14},
  doi = {10.1007/s44198-025-00269-6},
  urldate = {2025-09-08}
}

@article{bradley1998MeasurementLaminarBurning,
  title = {The {{Measurement}} of {{Laminar Burning Velocities}} and {{Markstein Numbers}} for {{Iso-octane}}--{{Air}} and {{Iso-octane}}--n-{{Heptane}}--{{Air Mixtures}} at {{Elevated Temperatures}} and {{Pressures}} in an {{Explosion Bomb}}},
  author = {Bradley, D. and Hicks, R. A. and Lawes, M. and Sheppard, C. G. W. and Woolley, R.},
  year = {1998},
  journal = {Combustion and Flame},
  volume = {115},
  number = {1},
  pages = {126--144},
  doi = {10.1016/S0010-2180(97)00349-0},
  urldate = {2025-02-04}
}

@misc{broadley2025HighorderMeshfreeDirect,
  title = {High-Order Mesh-Free Direct Numerical Simulation of Lean Hydrogen Flames in Confined Geometries},
  author = {Broadley, H. M. and Lind, S. J. and King, J. R. C.},
  year = {2025},
  number = {arXiv:2503.16951},
  publisher = {arXiv},
  doi = {10.48550/arXiv.2503.16951},
  urldate = {2025-08-29}
}

@phdthesis{brossler2021ParallelTimeIntegrators,
  title = {Parallel {{Time Integrators}}},
  author = {Brossler, Sam},
  year = {2021},
  school = {University of Edinburgh}
}

@article{brunton2020MachineLearningFluid,
  title = {Machine {{Learning}} for {{Fluid Mechanics}}},
  author = {Brunton, Steven L. and Noack, Bernd R. and Koumoutsakos, Petros},
  year = {2020},
  journal = {Annual Review of Fluid Mechanics},
  volume = {52},
  number = {Volume 52, 2020},
  pages = {477--508},
  publisher = {Annual Reviews},
  doi = {10.1146/annurev-fluid-010719-060214},
  urldate = {2024-12-12}
}

@article{buckmaster1993StructureStabilityLaminar,
  title = {The {{Structure}} and {{Stability}} of {{Laminar Flames}}},
  author = {Buckmaster, J.},
  year = {1993},
  journal = {Annual Review of Fluid Mechanics},
  volume = {25},
  number = {Volume 25, 1993},
  pages = {21--53},
  publisher = {Annual Reviews},
  doi = {10.1146/annurev.fl.25.010193.000321},
  urldate = {2024-06-06}
}

@book{buhmann2003RadialBasisFunctions,
  title = {Radial {{Basis Functions}}: {{Theory}} and {{Implementations}}},
  author = {Buhmann, Martin D.},
  year = {2003},
  publisher = {Cambridge University Press},
  address = {Cambridge, UNITED KINGDOM},
  urldate = {2025-09-15},
  isbn = {978-0-511-14894-1}
}

@incollection{burcat1984ThermochemicalDataCombustion,
  title = {Thermochemical {{Data}} for {{Combustion Calculations}}},
  booktitle = {Combustion {{Chemistry}}},
  author = {Burcat, Alexander},
  editor = {Gardiner, William C.},
  year = {1984},
  pages = {455--473},
  publisher = {Springer},
  address = {New York, NY},
  doi = {10.1007/978-1-4684-0186-8_8},
  urldate = {2024-02-13},
  isbn = {978-1-4684-0186-8}
}

@article{buresti2015NoteStokesHypothesis,
  title = {A Note on {{Stokes}}' Hypothesis},
  author = {Buresti, Guido},
  year = {2015},
  journal = {Acta Mechanica},
  volume = {226},
  number = {10},
  pages = {3555--3559},
  doi = {10.1007/s00707-015-1380-9},
  urldate = {2024-10-17}
}

@article{burrage1997ParallelMethodsODEs,
  title = {Parallel {{Methods}} for {{ODEs}}},
  author = {Burrage, Kevin},
  year = {1997},
  journal = {Advances in Computational Mathematics},
  volume = {7},
  number = {1-2},
  pages = {1--31},
  publisher = {Kluwer Academic Publishers Dordrecht}
}

@article{bush1970AsymptoticAnalysisLaminar,
  title = {Asymptotic {{Analysis}} of {{Laminar Flame Propagation}} for {{General Lewis Numbers}}},
  author = {Bush, William B. and Fendel, Francis E.},
  year = {1970},
  journal = {Combustion Science and Technology},
  volume = {1},
  number = {6},
  pages = {421--428},
  publisher = {Taylor \& Francis},
  doi = {10.1080/00102206908952222},
  urldate = {2024-02-28}
}

@book{butcher2008NumericalMethodsOrdinary,
  title = {Numerical {{Methods}} for {{Ordinary Differential Equations}}},
  author = {Butcher, John},
  year = {2008},
  edition = {Second},
  publisher = {Wiley}
}

@article{bychkov2000DynamicsStabilityPremixed,
  title = {Dynamics and {{Stability}} of {{Premixed Flames}}},
  author = {Bychkov, V. V. and Liberman, M. A.},
  year = {2000},
  journal = {Physics Reports},
  volume = {325},
  number = {4},
  pages = {115--237},
  doi = {10.1016/S0370-1573(99)00081-2},
  urldate = {2024-04-03}
}

@article{camporeale2010FiniteElementMethod,
  title = {A {{Finite Element Method}} for {{Three-Dimensional Analysis}} of {{Thermo-acoustic Combustion Instability}}},
  author = {Camporeale, S. M. and Fortunato, B. and Campa, G.},
  year = {2010},
  journal = {Journal of Engineering for Gas Turbines and Power},
  volume = {133},
  number = {011506},
  doi = {10.1115/1.4000606},
  urldate = {2025-09-09}
}

@article{candel1990FlameStretchBalance,
  title = {Flame {{Stretch}} and the {{Balance Equation}} for the {{Flame Area}}},
  author = {Candel, S. M. and Poinsot, T. J},
  year = {1990},
  journal = {Combustion Science and Technology},
  volume = {70},
  number = {1-3},
  pages = {1--15},
  publisher = {Taylor \& Francis},
  doi = {10.1080/00102209008951608},
  urldate = {2024-09-18}
}

@article{cant1999DirectNumericalSimulation,
  title = {Direct Numerical Simulation of Premixed Turbulent Flames},
  author = {Cant, S.},
  year = {1999},
  journal = {Philosophical Transactions of the Royal Society of London. Series A: Mathematical, Physical and Engineering Sciences},
  volume = {357},
  number = {1764},
  pages = {3583--3604},
  publisher = {Royal Society},
  doi = {10.1098/rsta.1999.0511},
  urldate = {2025-01-27}
}

@article{causley2019ConvergenceSpectralDeferred,
  title = {On the {{Convergence}} of {{Spectral Deferred Correction Methods}}},
  author = {Causley, Mathew and Seal, David},
  year = {2019},
  journal = {Communications in Applied Mathematics and Computational Science},
  volume = {14},
  number = {1},
  pages = {33--64},
  publisher = {Mathematical Sciences Publishers},
  doi = {10.2140/camcos.2019.14.33},
  urldate = {2023-11-14}
}

@article{cecil2004NumericalMethodsHigh,
  title = {Numerical Methods for High Dimensional {{Hamilton}}--{{Jacobi}} Equations Using Radial Basis Functions},
  author = {Cecil, Tom and Qian, Jianliang and Osher, Stanley},
  year = {2004},
  journal = {Journal of Computational Physics},
  volume = {196},
  number = {1},
  pages = {327--347},
  doi = {10.1016/j.jcp.2003.11.010},
  urldate = {2025-09-15}
}

@misc{cerfacsAVBP,
  title = {{{AVBP}}},
  author = {CERFACS},
  urldate = {2025-09-09}
}

@article{chen2011PetascaleDirectNumerical,
  title = {Petascale {{Direct Numerical Simulation}} of {{Turbulent Combustion}}---{{Fundamental Insights Towards Predictive Models}}},
  author = {Chen, Jacqueline H.},
  year = {2011},
  journal = {Proceedings of the Combustion Institute},
  volume = {33},
  number = {1},
  pages = {99--123},
  doi = {10.1016/j.proci.2010.09.012},
  urldate = {2023-12-29}
}

@misc{chen2024BiglobalLinearStability,
  title = {Biglobal Linear Stability Analysis of a Ducted {{2D}} Premixed Flame: Intrinsic Thermoacoustic Mode and Role of Exceptional Point},
  author = {Chen, Lu and Lv, Yu},
  year = {2024},
  number = {arXiv:2409.16669},
  publisher = {arXiv},
  doi = {10.48550/arXiv.2409.16669},
  urldate = {2024-10-24}
}

@article{chen2025StudySymmetricAsymmetric,
  title = {Study on Symmetric/Asymmetric Hydrogen Flame Shapes in the Thickness of a {{Hele-Shaw}} Burner},
  author = {Chen, Ziyin and Ballossier, Yves and Zhao, Song and Denet, Bruno and Almarcha, Christophe and Boivin, Pierre},
  year = {2025},
  journal = {Combustion and Flame},
  volume = {277},
  pages = {114208},
  doi = {10.1016/j.combustflame.2025.114208},
  urldate = {2025-05-28}
}

@article{chiesa2005UsingHydrogenGas,
  title = {Using {{Hydrogen}} as {{Gas Turbine Fuel}}},
  author = {Chiesa, Paolo and Lozza, Giovanni and Mazzocchi, Luigi},
  year = {2005},
  journal = {Journal of Engineering for Gas Turbines and Power},
  volume = {127},
  number = {1},
  pages = {73--80},
  doi = {10.1115/1.1787513},
  urldate = {2024-04-11}
}

@article{christ2022PlotsJlUser,
  title = {Plots. Jl -- {{A User Extendable Plotting API}} for the {{Julia Programming Language}}},
  author = {Christ, Simon and Schwabeneder, Daniel and Rackauckas, Christopher},
  year = {2022},
  journal = {arXiv preprint arXiv:2204.08775}
}

@article{christlieb2009CommentsHighOrderIntegrators,
  title = {Comments on {{High-Order Integrators Embedded Within Integral Deferred Correction Methods}}},
  author = {Christlieb, Andrew and Ong, Benjamin and Qiu, Jing-Mei},
  year = {2009},
  journal = {Communications in Applied Mathematics and Computational Science},
  volume = {4},
  number = {1},
  pages = {27--56},
  publisher = {Mathematical Sciences Publishers},
  doi = {10.2140/camcos.2009.4.27}
}

@article{christlieb2010IntegralDeferredCorrection,
  title = {Integral {{Deferred Correction Methods Constructed}} with {{High Order Runge-Kutta Integrators}}},
  author = {Christlieb, Andrew and Ong, Benjamin and Qiu, Jing-Mei},
  year = {2010},
  journal = {mathematics of Computation},
  volume = {79},
  number = {270},
  doi = {10.1090/S0025-5718-09-02276-5}
}

@article{christlieb2010ParallelHighOrderIntegrators,
  title = {Parallel {{High-Order Integrators}}},
  author = {Christlieb, Andrew and Macdonald, Colin and Ong, Benjamin},
  year = {2010},
  journal = {SIAM Journal on Scientific Computing},
  volume = {32},
  number = {2},
  pages = {18},
  doi = {10.1137/09075740X}
}

@article{christlieb2011ImplicitParallelTime,
  title = {Implicit {{Parallel Time Integrators}}},
  author = {Christlieb, Andrew and Ong, Benjamin},
  year = {2011},
  journal = {Journal of Scientific Computing},
  volume = {49},
  pages = {167--179},
  publisher = {Springer},
  doi = {10.1007/s10915-010-9452-4}
}

@article{christlieb2011SemiImplicitIntegralDeferred,
  title = {Semi-{{Implicit Integral Deferred Correction Constructed With Additive Runge-Kutta Methods}}},
  author = {Christlieb, Andrew and Morton, Maureen and Ong, Benjamin and Qiu, Jing-Mei},
  year = {2011},
  journal = {Communications in Mathematical Sciences},
  volume = {9},
  number = {3},
  pages = {879--902},
  publisher = {International Press of Boston}
}

@article{christlieb2012ParallelSpaceTimeAlgorithm,
  title = {A {{Parallel Space-Time Algorithm}}},
  author = {Christlieb, Andrew J and Haynes, Ronald D and Ong, Benjamin W},
  year = {2012},
  journal = {SIAM Journal on Scientific Computing},
  volume = {34},
  number = {5},
  pages = {C233--C248},
  publisher = {SIAM}
}

@article{clavin1982EffectsMolecularDiffusion,
  title = {Effects of {{Molecular Diffusion}} and of {{Thermal Expansion}} on the {{Structure}} and {{Dynamics}} of {{Premixed Flames}} in {{Turbulent Flows}} of {{Large Scale}} and {{Low Intensity}}},
  author = {Clavin, P. and Williams, F. A.},
  year = {1982},
  journal = {Journal of Fluid Mechanics},
  volume = {116},
  pages = {251--282},
  doi = {10.1017/S0022112082000457},
  urldate = {2024-02-23}
}

@article{clavin1983InfluenceTemperatureDependence,
  title = {The {{Influence}} of the {{Temperature Dependence}} of {{Diffusivities}} on the {{Dynamics}} of {{Flame Fronts}}.},
  author = {Clavin, P. and Garcia, P.},
  year = {1983},
  journal = {Journal de mecanique theorique et appliquee},
  volume = {2},
  number = {1983},
  pages = {245--263},
  urldate = {2024-06-26}
}

@article{clavin1985DynamicBehaviorPremixed,
  title = {Dynamic {{Behavior}} of {{Premixed Flame Fronts}} in {{Laminar}} and {{Turbulent Flows}}},
  author = {Clavin, Paul},
  year = {1985},
  journal = {Progress in Energy and Combustion Science},
  volume = {11},
  number = {1},
  pages = {1--59},
  doi = {10.1016/0360-1285(85)90012-7},
  urldate = {2024-03-05}
}

@article{clavin1990OnedimensionalVibratoryInstability,
  title = {One-Dimensional Vibratory Instability of Planar Flames Propagating in Tubes},
  author = {Clavin, Paul and Pelc{\'e}, Pierre and He, Longting},
  year = {1990},
  journal = {Journal of Fluid Mechanics},
  volume = {216},
  pages = {299--322},
  doi = {10.1017/S0022112090000441},
  urldate = {2025-06-19}
}

@article{clavin1994PremixedCombustionGasdynamics,
  title = {Premixed {{Combustion}} and {{Gasdynamics}}},
  author = {Clavin, P.},
  year = {1994},
  journal = {Annual Review of Fluid Mechanics},
  volume = {26},
  number = {Volume 26, 1994},
  pages = {321--352},
  publisher = {Annual Reviews},
  doi = {10.1146/annurev.fl.26.010194.001541},
  urldate = {2024-06-06}
}

@article{clavin2011CurvedStretchedFlames,
  title = {Curved and Stretched Flames: The Two {{Markstein}} Numbers},
  author = {Clavin, Paul and {Gra{\~n}a-Otero}, Jos{\'e} C.},
  year = {2011},
  journal = {Journal of Fluid Mechanics},
  volume = {686},
  pages = {187--217},
  doi = {10.1017/jfm.2011.318},
  urldate = {2025-04-22}
}

@book{clavin2016CombustionWavesFronts,
  title = {Combustion {{Waves}} and {{Fronts}} in {{Flows}}: {{Flames}}, {{Shocks}}, {{Detonations}}, {{Ablation Fronts}} and {{Explosion}} of {{Stars}}},
  author = {Clavin, Paul and Searby, Geoff},
  year = {2016},
  publisher = {Cambridge University Press},
  address = {Cambridge},
  doi = {10.1017/CBO9781316162453},
  urldate = {2024-02-20},
  isbn = {978-1-107-09868-8}
}

@article{cole1951QuasiLinearParabolicEquation,
  title = {On a {{Quasi-Linear Parabolic Equation Occurring}} in {{Aerodynamics}}},
  author = {Cole, Julian D.},
  year = {1951},
  journal = {Quarterly of Applied Mathematics},
  volume = {9},
  number = {3},
  pages = {225--236},
  doi = {10.1090/qam/42889},
  urldate = {2024-02-14}
}

@misc{comsol2023MulticomponentDiffusionMixtureAveraged,
  title = {Multicomponent {{Diffusion}}: {{Mixture-Averaged Approximation}}},
  author = {COMSOL},
  year = {2023}
}

@mastersthesis{cookman2023ArbitraryOrderParallel,
  title = {Arbitrary {{Order Parallel}} and {{Sequential Time Integrators}}},
  author = {Cookman, Benjamin},
  year = {2023},
  school = {Durham University}
}

@article{cooley1965AlgorithmMachineCalculation,
  title = {An {{Algorithm}} for the {{Machine Calculation}} of {{Complex Fourier Series}}},
  author = {Cooley, James W and Tukey, John W},
  year = {1965},
  journal = {Mathematics of computation},
  volume = {19},
  number = {90},
  pages = {297--301},
  publisher = {JSTOR},
  doi = {10.2307/2003354}
}

@article{cooper1972ExplicitRungeKuttaMethods,
  title = {Some {{Explicit Runge-Kutta Methods}} of {{High Order}}},
  author = {Cooper, {\relax GJ} and Verner, {\relax JH}},
  year = {1972},
  journal = {SIAM Journal on Numerical Analysis},
  volume = {9},
  number = {3},
  pages = {389--405},
  publisher = {SIAM}
}

@book{corless2013GraduateIntroductionNumerical,
  title = {A {{Graduate Introduction}} to {{Numerical Methods}}: {{From}} the {{Viewpoint}} of {{Backward Error Analysis}}},
  author = {Corless, Robert M. and Fillion, Nicolas},
  year = {2013},
  publisher = {Springer},
  address = {New York, NY},
  doi = {10.1007/978-1-4614-8453-0},
  urldate = {2023-12-04},
  isbn = {978-1-4614-8452-3 978-1-4614-8453-0}
}

@article{courant1928UeberPartiellenDifferenzengleichungen,
  title = {{{\"U}ber die partiellen Differenzengleichungen der mathematischen Physik}},
  author = {Courant, R. and Friedrichs, K. and Lewy, H.},
  year = {1928},
  journal = {Mathematische Annalen},
  volume = {100},
  number = {1},
  pages = {32--74},
  doi = {10.1007/BF01448839},
  urldate = {2025-09-02}
}

@book{coward1952LimitsFlammabilityGases,
  title = {Limits of Flammability of Gases and Vapors},
  author = {Coward, Hubert Frank and Jones, George William},
  year = {1952},
  number = {503-508},
  publisher = {US Government Printing Office}
}

@article{creta2011StrainRateEffects,
  title = {Strain {{Rate Effects}} on the {{Nonlinear Development}} of {{Hydrodynamically Unstable Flames}}},
  author = {Creta, F. and Matalon, M.},
  year = {2011},
  journal = {Proceedings of the Combustion Institute},
  volume = {33},
  number = {1},
  pages = {1087--1094},
  doi = {10.1016/j.proci.2010.06.029},
  urldate = {2024-07-19}
}

@article{crockatt2018LowStorageIntegralDeferred,
  title = {Low-{{Storage Integral Deferred Correction Methods}} for {{Scientific Computing}}},
  author = {Crockatt, Michael M. and Christlieb, Andrew J.},
  year = {2018},
  journal = {SIAM Journal on Scientific Computing},
  volume = {40},
  number = {5},
  pages = {A2883-A2904},
  publisher = {{Society for Industrial and Applied Mathematics}},
  doi = {10.1137/18M117368X},
  urldate = {2023-11-23}
}

@techreport{culick2006UnsteadyMotionsCombustion,
  title = {{Unsteady Motions in Combustion Chambers for Propulsion Systems}},
  author = {Culick, F. E. and Kuentzmann, Paul},
  year = {2006},
  pages = {663},
  institution = {{NATO Research and Technology Organisation Neuilly-Sur-Seine (France)}},
  urldate = {2024-04-11},
  isbn = {92-837-0059-7 / 978-92-837-0059-3}
}

@misc{cuoci2013LaminarSMOKE,
  title = {{{laminarSMOKE}}},
  author = {Cuoci, Alberto and Frassoldati, Alessio and Faravelli, Tiziano and Ranzi, Eliseo},
  year = {2013}
}

@article{cuoci2013NumericalModelingLaminar,
  title = {Numerical {{Modeling}} of {{Laminar Flames}} with {{Detailed Kinetics Based}} on the {{Operator-Splitting Method}}},
  author = {Cuoci, Alberto and Frassoldati, Alessio and Faravelli, Tiziano and Ranzi, Eliseo},
  year = {2013},
  journal = {Energy \& Fuels},
  volume = {27},
  number = {12},
  pages = {7730--7753},
  publisher = {American Chemical Society},
  doi = {10.1021/ef4016334},
  urldate = {2025-09-11}
}

@misc{cuoci2015OpenSMOKE,
  title = {{{OpenSMOKE}}++},
  author = {Cuoci, Alberto and Frassoldati, Alessio and Faravelli, Tiziano and Ranzi, Eliseo},
  year = {2015},
  address = {Politecnico di Milano},
  urldate = {2025-09-11}
}

@article{cuoci2015OpenSMOKEObjectorientedFramework,
  title = {{{OpenSMOKE}}++: {{An}} Object-Oriented Framework for the Numerical Modeling of Reactive Systems with Detailed Kinetic Mechanisms},
  author = {Cuoci, A. and Frassoldati, A. and Faravelli, T. and Ranzi, E.},
  year = {2015},
  journal = {Computer Physics Communications},
  volume = {192},
  pages = {237--264},
  doi = {10.1016/j.cpc.2015.02.014},
  urldate = {2025-09-11}
}

@misc{danciu2025DirectNumericalSimulation,
  title = {Direct {{Numerical Simulation}} of {{Hydrogen Combustion}} in a {{Real-Size IC Engine}}},
  author = {Danciu, Bogdan A. and Giannakopoulos, George K. and Bode, Mathis and Frouzakis, Christos E.},
  year = {2025},
  number = {arXiv:2502.16318},
  publisher = {arXiv},
  doi = {10.48550/arXiv.2502.16318},
  urldate = {2025-09-05}
}

@article{daou2025HydrodynamicInstabilitiesPropagating,
  title = {Hydrodynamic Instabilities of Propagating Interfaces under {{Darcy}}'s Law},
  author = {Daou, Joel and Rajamanickam, Prabakaran},
  year = {2025},
  journal = {Physical Review Fluids},
  volume = {10},
  number = {1},
  pages = {013201},
  publisher = {American Physical Society},
  doi = {10.1103/PhysRevFluids.10.013201},
  urldate = {2025-01-20}
}

@inproceedings{darrieus1945PropagationDunFront,
  title = {Propagation d'un {{Front}} de {{Flamme}}},
  booktitle = {Congr{\`e}s de {{M{\'e}canique Appliqu{\'e}e}}},
  author = {Darrieus, G.},
  year = {1945},
  address = {Paris}
}

@article{dasilvaveras2017HydrogenTrendsProduction,
  title = {Hydrogen: {{Trends}}, Production and Characterization of the Main Process Worldwide},
  author = {{da Silva Veras}, Tatiane and Mozer, Thiago Simonato and {da Costa Rubim Messeder dos Santos}, Danielle and {da Silva C{\'e}sar}, Aldara},
  year = {2017},
  journal = {International Journal of Hydrogen Energy},
  volume = {42},
  number = {4},
  pages = {2018--2033},
  doi = {10.1016/j.ijhydene.2016.08.219},
  urldate = {2024-04-11}
}

@article{davis2002MarksteinNumbersCounterflow,
  title = {Markstein Numbers in Counterflow, Methane- and Propane- Air Flames: A Computational Study},
  author = {Davis, S. G. and Quinard, J. and Searby, G.},
  year = {2002},
  journal = {Combustion and Flame},
  volume = {130},
  number = {1},
  pages = {123--136},
  doi = {10.1016/S0010-2180(02)00368-1},
  urldate = {2025-04-22}
}

@article{davydov2016ErrorBoundsKernelbased,
  title = {Error Bounds for Kernel-Based Numerical Differentiation},
  author = {Davydov, Oleg and Schaback, Robert},
  year = {2016},
  journal = {Numerische Mathematik},
  volume = {132},
  number = {2},
  pages = {243--269},
  doi = {10.1007/s00211-015-0722-9},
  urldate = {2025-09-15}
}

@article{day2009TurbulenceEffectsCellular,
  title = {Turbulence Effects on Cellular Burning Structures in Lean Premixed Hydrogen Flames},
  author = {Day, Marc and Bell, John and Bremer, Peer-Timo and Pascucci, Valerio and Beckner, Vince and Lijewski, Michael},
  year = {2009},
  journal = {Combustion and Flame},
  volume = {156},
  number = {5},
  pages = {1035--1045},
  doi = {10.1016/j.combustflame.2008.10.029},
  urldate = {2025-03-05}
}

@article{delfin2024DeterminationMethodMarkstein,
  title = {Determination Method of {{Markstein}} Number Based on Wavenumber Measurement of Cellular Flames at the Onset of Parametric Instability of Downward Propagating Flames},
  author = {Delfin, Jerric R. and Guo, Feng and Hashimoto, Nozomu and Fujita, Osamu},
  year = {2024},
  journal = {Proceedings of the Combustion Institute},
  volume = {40},
  number = {1},
  pages = {105322},
  doi = {10.1016/j.proci.2024.105322},
  urldate = {2025-04-22}
}

@article{delfin2024ThermoacousticParametricInstability,
  title = {Thermoacoustic Parametric Instability of Premixed Ammonia Flames Propagating Downwards in an Open-Closed Tube},
  author = {Delfin, Jerric R. and Guo, Feng and Hashimoto, Nozomu and Fujita, Osamu},
  year = {2024},
  journal = {Fuel},
  volume = {373},
  pages = {132344},
  doi = {10.1016/j.fuel.2024.132344},
  urldate = {2025-04-22}
}

@inproceedings{delfin2024VideoTransientParametric,
  title = {Video: {{Transient}} Parametric Response of Downward Propagating Premixed Flames to Self-Induced Thermoacoustic Pressure Waves},
  booktitle = {77th {{Annual Meeting}} of the {{APS Division}} of {{Fluid Dynamics}} - {{Gallery}} of {{Fluid Motion}}},
  author = {Delfin, Jerric and Hashimoto, Nozomu and Fujita, Osamu},
  year = {2024},
  publisher = {American Physical Society},
  address = {Salt Lake City, Utah},
  doi = {10.1103/APS.DFD.2024.GFM.V2561866},
  urldate = {2025-08-28}
}

@misc{departmentforenergysecurityandnetzero2023HistoricalGasData,
  title = {Historical {{Gas Data}}: {{Gas Production}} and {{Consumption}} and {{Fuel Input}} 1920 to 2023},
  author = {{Department for Energy Security {and} Net Zero} and {Department for Business, Energy \& Industrial Strategy}},
  year = {2023},
  publisher = {https://www.gov.uk/government/statistical-data-sets/historical-gas-data-gas-production-and-consumption-and-fuel-input}
}

@techreport{departmentforenergysecurityandnetzero2023UKEnergyBrief,
  title = {{{UK Energy}} in {{Brief}} 2023},
  author = {{Department for Energy Security {and} Net Zero}},
  year = {2023},
  pages = {54},
  address = {United Kingdom},
  institution = {{Government of the United Kingdom and Northern Ireland}}
}

@article{deshaies1980AsymptoticStudyExcessEnthalpy,
  title = {Asymptotic {{Study}} of an {{Excess-Enthalpy Flame}}},
  author = {Deshaies, B. and Joulin, G.},
  year = {1980},
  journal = {Combustion Science and Technology},
  volume = {22},
  number = {5-6},
  pages = {281--285},
  publisher = {Taylor \& Francis},
  doi = {10.1080/00102208008952391},
  urldate = {2024-07-16}
}

@article{dilisi2017HindenburgDisasterCombining,
  title = {The {{Hindenburg Disaster}}: {{Combining Physics}} and {{History}} in the {{Laboratory}}},
  author = {DiLisi, Gregory A.},
  year = {2017},
  journal = {The Physics Teacher},
  volume = {55},
  number = {5},
  pages = {268--273},
  doi = {10.1119/1.4981031},
  urldate = {2024-09-29}
}

@article{dinh2001ReconstructingSurfacesUsing,
  title = {Reconstructing {{Surfaces Using Anisotropic Basis Functions}}},
  author = {Dinh, Huong Quynh and Turk, Greg and Slabaugh, Greg},
  year = {2001},
  journal = {IEEE},
  volume = {2},
  pages = {606--613},
  doi = {10.1109/ICCV.2001.937682},
  urldate = {2023-09-22}
}

@book{doering1995AppliedAnalysisNavierStokes,
  title = {Applied {{Analysis}} of the {{Navier-Stokes Equations}}},
  author = {Doering, Charles R and Gibbon, John D},
  year = {1995},
  number = {12},
  publisher = {Cambridge university press}
}

@article{domingo2022RevisitingRelationPremixed,
  title = {Revisiting the Relation between Premixed Flame Brush Thickness and Turbulent Burning Velocities from {{Ken Bray}}'s Notes},
  author = {Domingo, Pascale and Vervisch, Luc},
  year = {2022},
  journal = {Combustion and Flame},
  series = {A Dedication to {{Professor Kenneth Noel Corbett Bray}}},
  volume = {239},
  pages = {111706},
  doi = {10.1016/j.combustflame.2021.111706},
  urldate = {2025-09-10}
}

@article{domingo2023RecentDevelopmentsDNS,
  title = {Recent {{Developments}} in {{DNS}} of {{Turbulent Combustion}}},
  author = {Domingo, Pascale and Vervisch, Luc},
  year = {2023},
  journal = {Proceedings of the Combustion Institute},
  volume = {39},
  number = {2},
  pages = {2055--2076},
  doi = {10.1016/j.proci.2022.06.030},
  urldate = {2023-11-22}
}

@article{douasbin2018DelayedtimeDomainImpedance,
  title = {Delayed-Time Domain Impedance Boundary Conditions ({{D-TDIBC}})},
  author = {Douasbin, Q. and Scalo, C. and Selle, L. and Poinsot, T.},
  year = {2018},
  journal = {Journal of Computational Physics},
  volume = {371},
  pages = {50--66},
  doi = {10.1016/j.jcp.2018.05.003},
  urldate = {2025-08-20}
}

@article{dowd2018ThermoacousticInstabilityModel,
  title = {Thermoacoustic {{Instability Model With Porous Media}}: {{Linear Stability Analysis}} and the {{Impact}} of {{Porous Media}}},
  author = {Dowd, Cody S. and Meadows, Joseph W.},
  year = {2018},
  journal = {Journal of Engineering for Gas Turbines and Power},
  volume = {141},
  number = {041017},
  doi = {10.1115/1.4041025},
  urldate = {2024-09-13}
}

@article{dowd2022DynamicsThermoacousticOscillations,
  title = {Dynamics of {{Thermoacoustic Oscillations}} in {{Swirl Stabilized Combustor}} without and with {{Porous Inert Media}}},
  author = {Dowd, Cody and Meadows, Joseph},
  year = {2022},
  journal = {Journal of Combustion},
  volume = {2022},
  number = {1},
  pages = {5440457},
  doi = {10.1155/2022/5440457},
  urldate = {2025-06-06}
}

@article{dowling2015CombustionNoise,
  title = {Combustion Noise},
  author = {Dowling, Ann P. and Mahmoudi, Yasser},
  year = {2015},
  journal = {Proceedings of the Combustion Institute},
  volume = {35},
  number = {1},
  pages = {65--100},
  doi = {10.1016/j.proci.2014.08.016},
  urldate = {2025-09-03}
}

@article{dubief2000CoherentVortexIdentificationTurbulence,
  title = {On {{Coherent-Vortex Identification}} in {{Turbulence}}},
  author = {Dubief, Yves and Delcayre, Franck},
  year = {2000},
  journal = {Journal of Turbulence},
  volume = {1},
  number = {1},
  pages = {011},
  doi = {10.1088/1468-5248/1/1/011},
  urldate = {2024-04-10}
}

@article{dufour1872DiffusionThermoeffect,
  title = {The {{Diffusion Thermoeffect}}},
  author = {Dufour, L.},
  year = {1872},
  journal = {Archives des Sciences Physiques et Naturelles},
  volume = {45},
  pages = {9--12}
}

@article{durey2023ResonantTriadInteractions,
  title = {Resonant {{Triad Interactions}} of {{Gravity Waves}} in {{Cylindrical Basins}}},
  author = {Durey, Matthew and Milewski, Paul A.},
  year = {2023},
  journal = {Journal of Fluid Mechanics},
  volume = {966},
  doi = {10.1017/jfm.2023.441},
  urldate = {2023-09-17}
}

@article{dutt1988StableBoundaryConditions,
  title = {Stable {{Boundary Conditions}} and {{Difference Schemes}} for {{Navier}}--{{Stokes Equations}}},
  author = {Dutt, Pravir},
  year = {1988},
  journal = {SIAM Journal on Numerical Analysis},
  volume = {25},
  number = {2},
  pages = {245--267},
  publisher = {{Society for Industrial and Applied Mathematics}},
  doi = {10.1137/0725018},
  urldate = {2025-09-10}
}

@techreport{dutt1993FastAlgorithmsPolynomial,
  title = {Fast {{Algorithms}} for {{Polynomial Interpolation}}, {{Integration}} and {{Differentiation}}},
  author = {Dutt, A and Gu, M and Rokhlin, V},
  year = {1993}
}

@article{dutt1995FastFourierTransforms,
  title = {Fast {{Fourier Transforms}} for {{Nonequispaced Data}}, {{II}}},
  author = {Dutt, Alok and Rokhlin, Vladimir},
  year = {1995},
  journal = {Applied and Computational Harmonic Analysis},
  volume = {2},
  number = {1},
  pages = {85--100},
  publisher = {Elsevier}
}

@article{dutt1996FastAlgorithmsPolynomial,
  title = {Fast {{Algorithms}} for {{Polynomial Interpolation}}, {{Integration}}, and {{Differentiation}}},
  author = {Dutt, Alok and Gu, Ming and Rokhlin, Vladimir},
  year = {1996},
  journal = {SIAM Journal on Numerical Analysis},
  volume = {33},
  number = {5},
  pages = {1689--1711},
  publisher = {SIAM}
}

@article{dutt2000SpectralDeferredCorrection,
  title = {Spectral {{Deferred Correction Methods}} for {{Ordinary Differential Equations}}},
  author = {Dutt, Alok and Greengard, Leslie and Rohklin, Vladimir},
  year = {2000},
  journal = {BIT},
  volume = {40},
  number = {2},
  doi = {10.1023/A:1022338906936}
}

@phdthesis{ebieto2017DynamicsPremixedFlames,
  title = {Dynamics of {{Premixed Flames}} in {{Tube}}},
  author = {Ebieto, Celestine Ebieto},
  year = {2017},
  urldate = {2024-09-18},
  school = {University of Sheffield}
}

@article{eigemann2025AmplificationThermoacousticFlame,
  title = {Amplification of Thermoacoustic Flame Response to Investigate High Frequency Combustion Instabilities with {{LES}}},
  author = {Eigemann, Jonas and Bonnaire, Philip and Panek, Lukasz and Beck, Christian and Polifke, Wolfgang and Kempf, Andreas},
  year = {2025},
  journal = {Combustion and Flame},
  volume = {280},
  pages = {114317},
  doi = {10.1016/j.combustflame.2025.114317},
  urldate = {2025-08-04}
}

@article{emmert2015IntrinsicThermoacousticInstability,
  title = {Intrinsic {{Thermoacoustic Instability}} of {{Premixed Flames}}},
  author = {Emmert, Thomas and Bomberg, Sebastian and Polifke, Wolfgang},
  year = {2015},
  journal = {Combustion and Flame},
  volume = {162},
  number = {1},
  pages = {75--85},
  doi = {10.1016/j.combustflame.2014.06.008},
  urldate = {2024-05-30}
}

@article{emmett2012EfficientParallelTime,
  title = {Toward an {{Efficient Parallel}} in {{Time Method}} for {{Partial Differential Equations}}},
  author = {Emmett, Matthew and Minion, Michael},
  year = {2012},
  journal = {Communications in Applied Mathematics and Computational Science},
  volume = {7},
  number = {1},
  pages = {105--132},
  publisher = {Mathematical Sciences Publishers}
}

@article{ern1995FastAccurateMulticomponent,
  title = {Fast and {{Accurate Multicomponent Transport Property Evaluation}}},
  author = {Ern, Alexandre and Giovangigli, Vincent},
  year = {1995},
  journal = {Journal of Computational Physics},
  volume = {120},
  number = {1},
  pages = {105--116},
  doi = {10.1006/jcph.1995.1151},
  urldate = {2024-02-17}
}

@book{euler1755InstitutionesCalculiIntegralis,
  title = {Institutiones {{Calculi Integralis}} 2nd {{Part}}},
  author = {Euler, Leonhard},
  year = {1755},
  volume = {1},
  publisher = {ETH-Bibliothek Z{\"u}rich},
  address = {ETH-Bibliothek Z{\"u}rich}
}

@inproceedings{fedkiw2001VisualSimulationSmoke,
  title = {Visual {{Simulation}} of {{Smoke}}},
  booktitle = {Proceedings of the 28th Annual Conference on {{Computer}} Graphics and Interactive Techniques},
  author = {Fedkiw, Ronald and Stam, Jos and Jensen, Henrik Wann},
  year = {2001},
  series = {{{SIGGRAPH}} '01},
  pages = {15--22},
  publisher = {Association for Computing Machinery},
  address = {New York, NY, USA},
  doi = {10.1145/383259.383260},
  urldate = {2024-05-15},
  isbn = {978-1-58113-374-5}
}

@article{fernandez-galisteo2009OneStepReducedKinetics,
  title = {One-{{Step Reduced Kinetics}} for {{Lean Hydrogen}}--{{Air Deflagration}}},
  author = {{Fern{\'a}ndez-Galisteo}, D. and S{\'a}nchez, A. L. and Li{\~n}{\'a}n, A. and Williams, F. A.},
  year = {2009},
  journal = {Combustion and Flame},
  volume = {156},
  number = {5},
  pages = {985--996},
  doi = {10.1016/j.combustflame.2008.10.009},
  urldate = {2024-08-09}
}

@article{fichera2001ExperimentalAnalysisThermoacoustic,
  title = {Experimental Analysis of Thermo-Acoustic Combustion Instability},
  author = {Fichera, A and Losenno, C and Pagano, A},
  year = {2001},
  journal = {Applied Energy},
  volume = {70},
  number = {2},
  pages = {179--191},
  doi = {10.1016/S0306-2619(01)00020-4},
  urldate = {2025-08-28}
}

@article{fick1855UeberDiffusion,
  title = {{Ueber Diffusion}},
  author = {Fick, Adolf},
  year = {1855},
  journal = {Annalen der Physik},
  volume = {170},
  number = {1},
  pages = {59--86},
  doi = {10.1002/andp.18551700105},
  urldate = {2024-02-17}
}

@article{flores-montoya2022NonadiabaticModulationPremixedflame,
  title = {Non-Adiabatic Modulation of Premixed-Flame Thermoacoustic Frequencies in Slender Tubes},
  author = {{Flores-Montoya}, Enrique and Muntean, Victor and {S{\'a}nchez-Sanz}, Mario and {Mart{\'i}nez-Ruiz}, Daniel},
  year = {2022},
  journal = {Journal of Fluid Mechanics},
  volume = {933},
  pages = {A50},
  doi = {10.1017/jfm.2021.1092},
  urldate = {2025-08-28}
}

@article{fornberg2015FastGeneration2D,
  title = {Fast {{Generation}} of 2-{{D Node Distributions}} for {{Mesh-Free PDE Discretizations}}},
  author = {Fornberg, Bengt and Flyer, Natasha},
  year = {2015},
  journal = {Computers \& Mathematics with Applications},
  volume = {69},
  number = {7},
  pages = {531--544},
  doi = {10.1016/j.camwa.2015.01.009},
  urldate = {2024-02-17}
}

@article{frankel1982EffectViscosityHydrodynamic,
  title = {The {{Effect}} of {{Viscosity}} on {{Hydrodynamic Stability}} of a {{Plane Flame Front}}},
  author = {Frankel, M. L. and Sivashinsky, G. I.},
  year = {1982},
  journal = {Combustion Science and Technology},
  volume = {29},
  number = {3-6},
  pages = {207--224},
  publisher = {Taylor \& Francis},
  doi = {10.1080/00102208208923598},
  urldate = {2024-02-23}
}

@inproceedings{gander201550YearsTime,
  title = {50 {{Years}} of {{Time Parallel Time Integration}}},
  booktitle = {Multiple {{Shooting}} and {{Time Domain Decomposition Methods}}: {{MuS-TDD}}, {{Heidelberg}}, {{May}} 6-8, 2013},
  author = {Gander, Martin J},
  year = {2015},
  series = {Contributions in {{Mathematical}} and {{Computational Sciences}}},
  pages = {69--113},
  publisher = {Springer},
  address = {Section of Mathematics, University of Geneva},
  doi = {10.1007/978-3-319-23321-5}
}

@inproceedings{gander2016DirectSolverTime,
  title = {A {{Direct Solver}} for {{Time Parallelization}}},
  booktitle = {Domain {{Decomposition Methods}} in {{Science}} and {{Engineering XXII}}},
  author = {Gander, Martin J. and Halpern, Laurence and Ryan, Juliet and Tran, Thuy Thi Bich},
  editor = {Dickopf, Thomas and Gander, Martin J. and Halpern, Laurence and Krause, Rolf and Pavarino, Luca F.},
  year = {2016},
  series = {Lecture {{Notes}} in {{Computational Science}} and {{Engineering}}},
  pages = {491--499},
  publisher = {Springer International Publishing},
  address = {Cham},
  doi = {10.1007/978-3-319-18827-0_50},
  isbn = {978-3-319-18827-0}
}

@inproceedings{gander2017FiveDecadesTime,
  title = {Five {{Decades}} of {{Time Parallel Time Integration}} , and a {{Note}} on the {{Degradation}} of the {{Performance}} of the {{Parareal Algorithm}} as a {{Function}} of the {{Reynolds}}},
  author = {Gander, M.},
  year = {2017},
  publisher = {University of Geneva},
  urldate = {2023-12-04}
}

@article{gander2023UnifiedAnalysisFramework,
  title = {A {{Unified Analysis Framework}} for {{Iterative Parallel-in-Time Algorithms}}},
  author = {Gander, Martin J. and Lunet, Thibaut and Ruprecht, Daniel and Speck, Robert},
  year = {2023},
  journal = {SIAM Journal on Scientific Computing},
  volume = {45},
  number = {5},
  pages = {A2275-A2303},
  publisher = {{Society for Industrial and Applied Mathematics}},
  doi = {10.1137/22M1487163},
  urldate = {2023-12-04}
}

@article{gantt1910WorkWagesProfit,
  title = {Work, {{Wages}} and {{Profit}}},
  author = {Gantt, H. L.},
  year = {1910},
  journal = {Engineering Magazine, New York}
}

@article{garby2013LargeEddySimulationCombustion,
  title = {Large-{{Eddy Simulation}} of Combustion Instabilities in a Variable-Length Combustor},
  author = {Garby, Romain and Selle, Laurent and Poinsot, Thierry},
  year = {2013},
  journal = {Comptes Rendus M{\'e}canique},
  series = {Combustion, Spray and Flow Dynamics for Aerospace Propulsion},
  volume = {341},
  number = {1},
  pages = {220--229},
  doi = {10.1016/j.crme.2012.10.020},
  urldate = {2025-09-09}
}

@article{garg2018MeshfreeMethodsComprehensive,
  title = {Meshfree {{Methods}}: {{A Comprehensive Review}} of {{Applications}}},
  author = {Garg, Sahil and Pant, Mohit},
  year = {2018},
  journal = {International Journal of Computational Methods},
  volume = {15},
  number = {04},
  pages = {1830001},
  publisher = {World Scientific Publishing Co.},
  doi = {10.1142/S0219876218300015},
  urldate = {2024-05-21}
}

@misc{gasresearchinstitute1999GRIMech30,
  title = {{{GRI Mech}} 3.0},
  author = {Gas Research Institute},
  year = {1999}
}

@article{gaton-perez2025MitigationThermoacousticInstabilities,
  title = {Mitigation of Thermoacoustic Instabilities via Porous Plugs},
  author = {{Gat{\'o}n-P{\'e}rez}, Pedro and Braun, Mat{\'i}as and Choudhury, Siba Prasad and Muntean, Victor and {Mart{\'i}nez-Ruiz}, Daniel},
  year = {2025},
  journal = {Journal of Fluid Mechanics},
  volume = {1013},
  pages = {A25},
  doi = {10.1017/jfm.2025.10257},
  urldate = {2025-06-18}
}

@article{gear1988ParallelMethodsOrdinary,
  title = {Parallel {{Methods}} for {{Ordinary Differential Equations}}},
  author = {Gear, Charles William},
  year = {1988},
  journal = {Calcolo},
  volume = {25},
  number = {1-2},
  pages = {1--20},
  publisher = {Springer}
}

@article{genot2025OnedimensionalFlameSubject,
  title = {One-Dimensional Flame Subject to Periodic and Sinusoidal Motion: Frequency Domain Analysis and Flame-Motion Contribution to Combustion Instability},
  author = {Genot, Aurelien and Boulal, St{\'e}phane and Klein, Jean-Michel and {Vincent-Randonnier}, Axel and Mura, Arnaud},
  year = {2025},
  journal = {Combustion and Flame},
  volume = {279},
  pages = {114285},
  doi = {10.1016/j.combustflame.2025.114285},
  urldate = {2025-06-23}
}

@article{gentil2025CombustionNoiseModelling,
  title = {Combustion Noise Modelling of Thermally Perfect and Multi-Species Gas Flow in Nozzles},
  author = {Gentil, Yann and Daviller, Guillaume and Moreau, Stephane},
  year = {2025},
  journal = {Journal of Fluid Mechanics},
  volume = {1014},
  pages = {A39},
  doi = {10.1017/jfm.2025.10330},
  urldate = {2025-07-14}
}

@article{giannakopoulos2015CurvatureMarksteinLength,
  title = {The {{Curvature Markstein Length}} and the {{Definition}} of {{Flame Displacement Speed}} for {{Stationary Spherical Flames}}},
  author = {Giannakopoulos, G. K. and Matalon, M. and Frouzakis, C. E. and Tomboulides, A. G.},
  year = {2015},
  journal = {Proceedings of the Combustion Institute},
  volume = {35},
  number = {1},
  pages = {737--743},
  doi = {10.1016/j.proci.2014.07.049},
  urldate = {2024-03-26}
}

@article{giles1990NonreflectingBoundaryConditions,
  title = {Nonreflecting Boundary Conditions for {{Euler}} Equation Calculations},
  author = {Giles, Michael B.},
  year = {1990},
  journal = {AIAA Journal},
  volume = {28},
  number = {12},
  pages = {2050--2058},
  publisher = {{American Institute of Aeronautics and Astronautics}},
  doi = {10.2514/3.10521},
  urldate = {2025-09-14}
}

@article{gobbato2011NumericalSimulationHydrogen,
  title = {Numerical {{Simulation}} of a {{Hydrogen Fuelled Gas Turbine Combustor}}},
  author = {Gobbato, Paolo and Masi, Massimo and Toffolo, Andrea and Lazzaretto, Andrea},
  year = {2011},
  journal = {International Journal of Hydrogen Energy},
  series = {Hysydays},
  volume = {36},
  number = {13},
  pages = {7993--8002},
  doi = {10.1016/j.ijhydene.2011.01.045},
  urldate = {2024-04-11}
}

@article{goh2013InfluenceEntropyWaves,
  title = {The {{Influence}} of {{Entropy Waves}} on the {{Thermoacoustic Stability}} of a {{Model Combustor}}},
  author = {Goh, Chee Su and Morgans, Aimee S.},
  year = {2013},
  journal = {Combustion Science and Technology},
  volume = {185},
  number = {2},
  pages = {249--268},
  publisher = {Taylor \& Francis},
  doi = {10.1080/00102202.2012.715828},
  urldate = {2025-09-03}
}

@article{goldberg1991WhatEveryComputer,
  title = {What {{Every Computer Scientist Should Know About Floating-Point Arithmetic}}},
  author = {Goldberg, David},
  year = {1991},
  journal = {ACM Computing Surveys (CSUR)},
  volume = {23},
  number = {1},
  pages = {5--48},
  publisher = {ACM New York, NY, USA}
}

@misc{goodwin2023CanteraObjectOrientedSoftware,
  title = {Cantera: {{An Object-Oriented Software Toolkit}} for {{Chemical Kinetics}}, {{Thermodynamics}}, and {{Transport Processes}}},
  author = {Goodwin, David G. and Moffat, Harry K. and Schoegl, Ingmar and Speth, Raymond L. and Weber, Bryan W.},
  year = {2023},
  doi = {10.5281/zenodo.8137090}
}

@misc{gordon1976ComputerProgramCalculation,
  title = {Computer {{Program}} for {{Calculation}} of {{Complex Chemical Equilibrium Compositions}}, {{Rocket Performance}}, {{Incident}} and {{Reflected Shocks}}, and {{Chapman-Jouguet Detonations}}},
  author = {Gordon, Sanford and McBride, Bonnie J.},
  year = {1976},
  urldate = {2024-04-23}
}

@inproceedings{gotschel2021TwelveWaysFool,
  title = {Twelve {{Ways}} to {{Fool}} the {{Masses When Giving Parallel-in-Time Results}}},
  booktitle = {Parallel-in-{{Time Integration Methods}}},
  author = {G{\"o}tschel, Sebastian and Minion, Michael and Ruprecht, Daniel and Speck, Robert},
  editor = {Ong, Benjamin and Schroder, Jacob and Shipton, Jemma and Friedhoff, Stephanie},
  year = {2021},
  pages = {81--94},
  publisher = {Springer International Publishing},
  address = {Cham},
  doi = {10.1007/978-3-030-75933-9_4},
  isbn = {978-3-030-75933-9}
}

@article{green2006HydrogenSafetyIssues,
  title = {Hydrogen {{Safety Issues Compared}} to {{Safety Issues}} with {{Methane}} and {{Propane}}},
  author = {Green, M. A.},
  year = {2006},
  journal = {AIP Conference Proceedings},
  volume = {823},
  number = {1},
  pages = {319--326},
  doi = {10.1063/1.2202431},
  urldate = {2024-04-09}
}

@article{greengard1987FastAlgorithmParticle,
  title = {A {{Fast Algorithm}} for {{Particle Simulations}}},
  author = {Greengard, Leslie and Rokhlin, Vladimir},
  year = {1987},
  journal = {Journal of computational physics},
  volume = {73},
  number = {2},
  pages = {325--348},
  publisher = {Elsevier}
}

@article{greengard1991SpectralIntegrationTwoPoint,
  title = {Spectral {{Integration}} and {{Two-Point Boundary Value Problems}}},
  author = {Greengard, Leslie},
  year = {1991},
  journal = {SIAM Journal on Numerical Analysis},
  volume = {28},
  number = {4},
  pages = {1071--1080},
  publisher = {SIAM}
}

@article{gross2020MeshfreeMethodsManifolds,
  title = {Meshfree Methods on Manifolds for Hydrodynamic Flows on Curved Surfaces: {{A Generalized Moving Least-Squares}} ({{GMLS}}) Approach},
  author = {Gross, B. J. and Trask, N. and Kuberry, P. and Atzberger, P. J.},
  year = {2020},
  journal = {Journal of Computational Physics},
  volume = {409},
  pages = {109340},
  doi = {10.1016/j.jcp.2020.109340},
  urldate = {2025-09-15}
}

@misc{gruber2020DirectNumericalSimulations,
  title = {Direct {{Numerical Simulations}} of {{Blended Ammonia}}/{{Hydrogen}}/{{Nitrogen Premixed Flames}} in {{Intense Sheared Turbulence}}.},
  author = {Gruber, Andrea and Rieth, Martin and Wu, Yunchao and Lu, Tianfeng and Chen, Jacqueline H.},
  year = {2020},
  doi = {10.2172/1834996},
  urldate = {2024-07-16}
}

@incollection{guenoche1964ChapterFlamePropagation,
  title = {Chapter {{E}} - {{Flame Propagation}} in {{Tubes}} and in {{Closed Vessels}}},
  booktitle = {{{AGARDograph}}},
  author = {Gu{\'e}noche, H.},
  editor = {Markstein, GEORGE H.},
  year = {1964},
  series = {Nonsteady {{Flame Propagation}}},
  volume = {75},
  pages = {107--181},
  publisher = {Elsevier},
  doi = {10.1016/B978-1-4831-9659-6.50008-1},
  urldate = {2025-09-03}
}

@article{guezennec2009AcousticallyNonreflectingReflecting,
  title = {Acoustically {{Nonreflecting}} and {{Reflecting Boundary Conditions}} for {{Vortcity Injection}} in {{Compressible Solvers}}},
  author = {Guezennec, Nicolas and Poinsot, Thierry},
  year = {2009},
  journal = {AIAA Journal},
  volume = {47},
  number = {7},
  pages = {1709--1722},
  publisher = {{American Institute of Aeronautics and Astronautics}},
  doi = {10.2514/1.41749},
  urldate = {2025-04-04}
}

@article{gustafson1988ReevaluatingAmdahlsLaw,
  title = {Reevaluating {{Amdahl}}'s {{Law}}},
  author = {Gustafson, John L},
  year = {1988},
  journal = {Communications of the ACM},
  volume = {31},
  number = {5},
  pages = {532--533},
  publisher = {ACM New York, NY, USA}
}

@misc{hamdi2007MethodLines,
  title = {Method of {{Lines}}},
  author = {Hamdi, Samir and Schiesser, William and Griffiths, Graham},
  year = {2007},
  doi = {10.4249/scholarpedia.2859}
}

@article{haward2017PoiseuilleFlowWavy,
  title = {Poiseuille {{Flow Over}} a {{Wavy Surface}}},
  author = {Haward, Simon J. and Shen, Amy Q. and Page, Jacob and Zaki, Tamer A.},
  year = {2017},
  journal = {Physical Review Fluids},
  volume = {2},
  number = {12},
  pages = {124102},
  publisher = {American Physical Society},
  doi = {10.1103/PhysRevFluids.2.124102},
  urldate = {2024-09-13}
}

@incollection{hayes2015GasdynamicDiscontinuities,
  title = {Gasdynamic {{Discontinuities}}},
  booktitle = {Gasdynamic {{Discontinuities}}},
  author = {Hayes, Wallace Dean},
  year = {2015},
  publisher = {Princeton University Press},
  doi = {10.1515/9781400879939},
  urldate = {2024-02-21},
  isbn = {978-1-4008-7993-9}
}

@article{hedstrom1979NonreflectingBoundaryConditions,
  title = {Nonreflecting Boundary Conditions for Nonlinear Hyperbolic Systems},
  author = {Hedstrom, G. W},
  year = {1979},
  journal = {Journal of Computational Physics},
  volume = {30},
  number = {2},
  pages = {222--237},
  doi = {10.1016/0021-9991(79)90100-1},
  urldate = {2025-02-28}
}

@misc{heel2025CommunityAttitudesEnvironmental,
  title = {Community Attitudes towards the Environmental Cost of Computational Fluid Dynamics Research},
  author = {van Heel, Miranda and King, Jack R. C.},
  year = {2025},
  number = {arXiv:2501.09314},
  publisher = {arXiv},
  doi = {10.48550/arXiv.2501.09314},
  urldate = {2025-02-14}
}

@book{hirsch1990NumericalComputationInternal,
  title = {Numerical Computation of Internal and External Flows. {{Vol}}. 2 - {{Computational}} Methods for Inviscid and Viscous Flows},
  author = {Hirsch, Charles},
  year = {1990},
  journal = {Chichester},
  publisher = {Wiley},
  address = {New York},
  urldate = {2025-09-14}
}

@book{hirschfelder1964MolecularTheoryGases,
  title = {Molecular {{Theory}} of {{Gases}} and {{Liquids}}},
  author = {Hirschfelder, Joseph O. and Curtiss, Charles F. and Bird, R. Byron},
  year = {1964},
  publisher = {John Wiley \& Sons},
  isbn = {978-0-471-40065-3}
}

@article{hoeijmakers2014IntrinsicInstabilityFlame,
  title = {Intrinsic Instability of Flame--Acoustic Coupling},
  author = {Hoeijmakers, Maarten and Kornilov, Viktor and Lopez Arteaga, Ines and {de Goey}, Philip and Nijmeijer, Henk},
  year = {2014},
  journal = {Combustion and Flame},
  volume = {161},
  number = {11},
  pages = {2860--2867},
  doi = {10.1016/j.combustflame.2014.05.009},
  urldate = {2025-04-02}
}

@article{hoeijmakers2016FlameDominatedThermoacoustic,
  title = {Flame Dominated Thermoacoustic Instabilities in a System with High Acoustic Losses},
  author = {Hoeijmakers, Maarten and Kornilov, Viktor and Arteaga, Ines Lopez and {de Goey}, Philip and Nijmeijer, Henk},
  year = {2016},
  journal = {Combustion and Flame},
  volume = {169},
  pages = {209--215},
  doi = {10.1016/j.combustflame.2016.03.009},
  urldate = {2025-04-02}
}

@article{hollinger1995InfluenceDufourEffect,
  title = {Influence of the {{Dufour Effect}} on {{Convection}} in {{Binary Gas Mixtures}}},
  author = {Hollinger, {\relax St}. and L{\"u}cke, M.},
  year = {1995},
  journal = {Physical Review E},
  volume = {52},
  number = {1},
  pages = {642--657},
  publisher = {American Physical Society},
  doi = {10.1103/PhysRevE.52.642},
  urldate = {2024-02-17}
}

@incollection{hormann2013BarycentricInterpolation,
  title = {Barycentric {{Interpolation}}},
  booktitle = {Approximation {{Theory XIV}}: {{San Antonio}} 2013},
  author = {Hormann, Kai},
  year = {2013},
  publisher = {Springer Cham},
  doi = {10.1007/978-3-319-06404-8_11}
}

@article{hosseini2024LatticeBoltzmannMethods,
  title = {Lattice {{Boltzmann Methods}} for {{Combustion Applications}}},
  author = {Hosseini, Seyed Ali and Boivin, Pierre and Th{\'e}venin, Dominique and Karlin, Ilya},
  year = {2024},
  journal = {Progress in Energy and Combustion Science},
  volume = {102},
  pages = {101140},
  doi = {10.1016/j.pecs.2023.101140},
  urldate = {2024-08-08}
}

@article{howarth2022EmpiricalCharacteristicScaling,
  title = {An {{Empirical Characteristic Scaling Model}} for {{Freely-Propagating Lean Premixed Hydrogen Flames}}},
  author = {Howarth, T. L. and Aspden, A. J.},
  year = {2022},
  journal = {Combustion and Flame},
  volume = {237},
  pages = {111805},
  doi = {10.1016/j.combustflame.2021.111805},
  urldate = {2023-11-22}
}

@article{howarth2023ThermodiffusivelyUnstableLeanPremixed,
  title = {Thermodiffusively-{{Unstable Lean Premixed Hydrogen Flames}}: {{Phenomenology}}, {{Empirical Modelling}}, and {{Thermal Leading Points}}},
  author = {Howarth, T. L. and Hunt, E. F. and Aspden, A. J.},
  year = {2023},
  journal = {Combustion and Flame},
  volume = {253},
  pages = {112811},
  doi = {10.1016/j.combustflame.2023.112811},
  urldate = {2023-11-22}
}

@article{hugoniot1887MemoirePropagationMouvement,
  title = {{M{\'e}moire Sur La Propagation Du Mouvement Dans Un Fluide Ind{\'e}fini (premi{\`e}re Partie)}},
  author = {Hugoniot, H.},
  year = {1887},
  journal = {Journal de Math{\'e}matiques Pures et Appliqu{\'e}es},
  volume = {4},
  number = {3},
  pages = {477--492}
}

@techreport{internationalrenewableenergyagency2022RenewablePowerGeneration,
  title = {Renewable {{Power Generation Costs}} in 2022},
  author = {International Renewable Energy Agency},
  year = {2022},
  urldate = {2024-09-29}
}

@article{iserles1990TheoryParallelRungeKutta,
  title = {On the {{Theory}} of {{Parallel Runge-Kutta Methods}}},
  author = {Iserles, Arieh and N{\o}rsett, {\relax SP}},
  year = {1990},
  journal = {IMA Journal of Numerical Analysis},
  volume = {10},
  number = {4},
  pages = {463--488},
  publisher = {Oxford University Press}
}

@book{iserles2008FirstCourseNumerical,
  title = {A {{First Course}} in the {{Numerical Analysis}} of {{Differential Equations}}},
  author = {Iserles, Arieh},
  year = {2008},
  edition = {Second},
  publisher = {Cambridge University Press},
  doi = {10.1017/CBO9780511995569}
}

@article{jaensch2017HybridCFDLoworder,
  title = {Hybrid {{CFD}}/Low-Order Modeling of Nonlinear Thermoacoustic Oscillations},
  author = {Jaensch, S. and Merk, M. and Gopalakrishnan, E. A. and Bomberg, S. and Emmert, T. and Sujith, R. I. and Polifke, W.},
  year = {2017},
  journal = {Proceedings of the Combustion Institute},
  volume = {36},
  number = {3},
  pages = {3827--3834},
  doi = {10.1016/j.proci.2016.08.006},
  urldate = {2025-08-20}
}

@article{janicka2005LargeEddySimulation,
  title = {Large {{Eddy Simulation}} of {{Turbulent Combustion Systems}}},
  author = {Janicka, J. and Sadiki, A.},
  year = {2005},
  journal = {Proceedings of the Combustion Institute},
  volume = {30},
  number = {1},
  pages = {537--547},
  doi = {10.1016/j.proci.2004.08.279},
  urldate = {2024-03-25}
}

@inproceedings{jasak2007OpenFOAMLibraryComplex,
  title = {{{OpenFOAM}}: {{A C}}++ {{Library}} for {{Complex Physics Simulations}}},
  booktitle = {International {{Workshop}} on {{Coupled Methods}} in {{Numerical Dynamics}}},
  author = {Jasak, H. and Jemcov, A. and Tukovic, Z.},
  year = {2007},
  pages = {1--20},
  address = {IUC, Dubrovnik}
}

@article{jasak2009OpenFOAMOpenSource,
  title = {{{OpenFOAM}}: {{Open}} Source {{CFD}} in Research and Industry},
  author = {Jasak, Hrvoje},
  year = {2009},
  journal = {International Journal of Naval Architecture and Ocean Engineering},
  volume = {1},
  number = {2},
  pages = {89--94},
  doi = {10.2478/IJNAOE-2013-0011},
  urldate = {2025-09-11}
}

@incollection{jay2015LobattoMethods,
  title = {Lobatto {{Methods}}},
  booktitle = {Encyclopedia of {{Applied}} and {{Computational Mathematics}}},
  author = {Jay, Laurent O.},
  editor = {Engquist, Bj{\"o}rn},
  year = {2015},
  pages = {817--826},
  publisher = {Springer},
  address = {Berlin, Heidelberg},
  doi = {10.1007/978-3-540-70529-1_123},
  urldate = {2023-11-14},
  isbn = {978-3-540-70529-1}
}

@article{jeltsch1981StabilityExplicitTime,
  title = {Stability of {{Explicit Time Discretizations}} for {{Solving Initial Value Problems}}},
  author = {Jeltsch, Rolf and Nevanlinna, Olavi},
  year = {1981},
  journal = {Numerische Mathematik},
  volume = {37},
  number = {1},
  pages = {61--91},
  doi = {10.1007/BF01396187},
  urldate = {2023-12-07}
}

@article{jensen1972FiniteDifferenceTechniques,
  title = {Finite Difference Techniques for Variable Grids},
  author = {Jensen, Paul S.},
  year = {1972},
  journal = {Computers \& Structures},
  volume = {2},
  number = {1},
  pages = {17--29},
  doi = {10.1016/0045-7949(72)90020-X},
  urldate = {2025-08-04}
}

@article{joulin1979LinearStabilityAnalysis,
  title = {Linear {{Stability Analysis}} of {{Nonadiabatic Flames}}: {{Diffusional-Thermal Model}}},
  author = {Joulin, G. and Clavin, P.},
  year = {1979},
  journal = {Combustion and Flame},
  volume = {35},
  pages = {139--153},
  doi = {10.1016/0010-2180(79)90018-X},
  urldate = {2024-04-04}
}

@article{joulin1981LinearStabilityAnalysis,
  title = {Linear {{Stability Analysis}} of {{Two-Reactant Flames}}},
  author = {Joulin, G. and Mitani, T.},
  year = {1981},
  journal = {Combustion and Flame},
  volume = {40},
  pages = {235--246},
  doi = {10.1016/0010-2180(81)90127-9},
  urldate = {2024-09-17}
}

@article{jun2023ParametricInstabilityPropagating,
  title = {Parametric {{Instability}} in {{Propagating Flames}} and the {{Impact}} of {{Hydrogen Enrichment}} on the {{Onset}} of {{Secondary Instability}}},
  author = {Jun, Daeyoung and Lee, Bok Jik},
  year = {2023},
  journal = {Physics of Fluids},
  volume = {35},
  number = {10},
  pages = {106117},
  doi = {10.1063/5.0173083},
  urldate = {2023-11-22}
}

@article{juniper2018SensitivityNonlinearityThermoacoustic,
  title = {Sensitivity and {{Nonlinearity}} of {{Thermoacoustic Oscillations}}},
  author = {Juniper, Matthew P. and Sujith, R. I.},
  year = {2018},
  journal = {Annual Review of Fluid Mechanics},
  volume = {50},
  number = {Volume 50, 2018},
  pages = {661--689},
  publisher = {Annual Reviews},
  doi = {10.1146/annurev-fluid-122316-045125},
  urldate = {2025-04-14}
}

@misc{kahan1996LectureNotesStatus,
  title = {Lecture {{Notes}} on the {{Status}} of {{IEEE Standard}} for {{Floating-Point Arithmetic}}},
  author = {Kahan, William},
  year = {1996},
  publisher = {IEEE}
}

@article{kansa1990MultiquadricsScatteredData,
  title = {Multiquadrics---{{A}} Scattered Data Approximation Scheme with Applications to Computational Fluid-Dynamics---{{I}} Surface Approximations and Partial Derivative Estimates},
  author = {Kansa, E. J.},
  year = {1990},
  journal = {Computers \& Mathematics with Applications},
  volume = {19},
  number = {8},
  pages = {127--145},
  doi = {10.1016/0898-1221(90)90270-T},
  urldate = {2025-09-15}
}

@article{kansa1990MultiquadricsScatteredDataa,
  title = {Multiquadrics---{{A}} Scattered Data Approximation Scheme with Applications to Computational Fluid-Dynamics---{{II}} Solutions to Parabolic, Hyperbolic and Elliptic Partial Differential Equations},
  author = {Kansa, E. J.},
  year = {1990},
  journal = {Computers \& Mathematics with Applications},
  volume = {19},
  number = {8},
  pages = {147--161},
  doi = {10.1016/0898-1221(90)90271-K},
  urldate = {2025-09-15}
}

@article{kansa2009NumericalSimulationTwodimensional,
  title = {Numerical Simulation of Two-Dimensional Combustion Using Mesh-Free Methods},
  author = {Kansa, Edward J. and Aldredge, Ralph C. and Ling, Leevan},
  year = {2009},
  journal = {Engineering Analysis with Boundary Elements},
  volume = {33},
  number = {7},
  pages = {940--950},
  doi = {10.1016/j.enganabound.2009.02.008},
  urldate = {2025-09-09}
}

@article{karlovitz1953StudiesTurbulentFlames,
  title = {Studies on {{Turbulent}} Flames: {{A}}. {{Flame Propagation Across}} Velocity Gradients {{B}}. Turbulence {{Measurement}} in Flames},
  author = {Karlovitz, B. and Denniston, D. W. and Knapschaefer, D. H. and Wells, F. E.},
  year = {1953},
  journal = {Symposium (International) on Combustion},
  series = {Fourth {{Symposium}} ({{International}}) on {{Combustion}}},
  volume = {4},
  number = {1},
  pages = {613--620},
  doi = {10.1016/S0082-0784(53)80082-2},
  urldate = {2024-09-23}
}

@article{karlovitz1953StudiesTurbulentFlamesa,
  title = {Studies on {{Turbulent}} Flames: {{A}}. {{Flame Propagation Across}} Velocity Gradients {{B}}. Turbulence {{Measurement}} in Flames},
  author = {Karlovitz, B. and Denniston, D. W. and Knapschaefer, D. H. and Wells, F. E.},
  year = {1953},
  journal = {Symposium (International) on Combustion},
  series = {Fourth {{Symposium}} ({{International}}) on {{Combustion}}},
  volume = {4},
  number = {1},
  pages = {613--620},
  doi = {10.1016/S0082-0784(53)80082-2},
  urldate = {2024-02-23}
}

@article{kelvin1871HydrokineticSolutionsObservations,
  title = {Hydrokinetic {{Solutions}} and {{Observations}}},
  author = {Kelvin, W. T.},
  year = {1871},
  journal = {Philisophical Magazine},
  volume = {43},
  pages = {362--377}
}

@article{kennedy2000LowStorageExplicitRunge,
  title = {Low-{{Storage}}, {{Explicit Runge}}--{{Kutta Schemes}} for the {{Compressible Navier}}--{{Stokes Equations}}},
  author = {Kennedy, Christopher A. and Carpenter, Mark H. and Lewis, R. Michael},
  year = {2000},
  journal = {Applied Numerical Mathematics},
  volume = {35},
  number = {3},
  pages = {177--219},
  doi = {10.1016/S0168-9274(99)00141-5},
  urldate = {2024-04-22}
}

@article{ketcheson2014ComparisonHighOrderExplicit,
  title = {A {{Comparison}} of {{High-Order Explicit Runge}}--{{Kutta}}, {{Extrapolation}}, and {{Deferred Correction Methods}} in {{Serial}} and {{Parallel}}},
  author = {Ketcheson, David and {bin Waheed}, Umair},
  year = {2014},
  journal = {Communications in Applied Mathematics and Computational Science},
  volume = {9},
  number = {2},
  pages = {175--200},
  publisher = {Mathematical Sciences Publishers},
  doi = {10.2140/camcos.2014.9.175},
  urldate = {2023-11-20}
}

@article{king2020HighOrderDifference,
  title = {High {{Order Difference Schemes Using}} the {{Local Anisotropic Basis Function Method}}},
  author = {King, Jack and Lind, Steven and Nasar, Abouzied},
  year = {2020},
  journal = {Journal of Computational Physics},
  volume = {415},
  pages = {28},
  doi = {10.1016/j.jcp.2020.109549},
  urldate = {2023-11-22}
}

@article{king2022HighOrderSimulationsIsothermal,
  title = {High-{{Order Simulations}} of {{Isothermal Flows Using}} the {{Local Anisotropic Basis Function Method}} ({{LABFM}})},
  author = {King, Jack and Lind, Steven},
  year = {2022},
  journal = {Journal of Computational Physics},
  volume = {449},
  pages = {110760},
  doi = {10.1016/j.jcp.2021.110760},
  urldate = {2023-11-22}
}

@article{king2024MeshFreeFrameworkHighOrder,
  title = {A {{Mesh-Free Framework}} for {{High-Order Simulations}} of {{Viscoelastic Flows}} in {{Complex Geometries}}},
  author = {King, Jack R. C. and Lind, Steven J.},
  year = {2024},
  journal = {Journal of Non-Newtonian Fluid Mechanics},
  volume = {330},
  number = {105278},
  pages = {14},
  doi = {10.1016/j.jnnfm.2024.105278},
  urldate = {2024-02-17}
}

@article{king2024MeshFreeFrameworkHighOrdera,
  title = {A {{Mesh-Free Framework}} for {{High-Order Direct Numerical Simulations}} of {{Combustion}} in {{Complex Geometries}}},
  author = {King, Jack R. C.},
  year = {2024},
  journal = {Communications in Applied Mechanics and Engineering},
  volume = {421},
  pages = {25},
  doi = {10.1016/j.cma.2024.116762},
  urldate = {2023-11-22}
}

@misc{kingSunsetFlames,
  title = {Sunset-{{Flames}}},
  author = {King, J. R. C},
  address = {University of Manchester}
}

@article{kobayashi2019ScienceTechnologyAmmonia,
  title = {Science and {{Technology}} of {{Ammonia Combustion}}},
  author = {Kobayashi, Hideaki and Hayakawa, Akihiro and Somarathne, K. D. Kunkuma A. and Okafor, Ekenechukwu C.},
  year = {2019},
  journal = {Proceedings of the Combustion Institute},
  volume = {37},
  number = {1},
  pages = {109--133},
  doi = {10.1016/j.proci.2018.09.029},
  urldate = {2024-07-15}
}

@article{kohler2016SoretEffectLiquid,
  title = {The {{Soret Effect}} in {{Liquid Mixtures}} -- {{A Review}}},
  author = {K{\"o}hler, Werner and Morozov, Konstantin I.},
  year = {2016},
  journal = {Journal of Non-Equilibrium Thermodynamics},
  volume = {41},
  number = {3},
  pages = {151--197},
  publisher = {De Gruyter},
  doi = {10.1515/jnet-2016-0024},
  urldate = {2024-02-17}
}

@article{kolmogorov1941LocalStructureTurbulence,
  title = {The {{Local Structure}} of {{Turbulence}} in {{Incompressible Viscous Fluid}} for {{Very Large Reynolds}}' {{Numbers}}},
  author = {Kolmogorov, A.},
  year = {1941},
  journal = {Akademiia Nauk SSSR Doklady},
  volume = {30},
  pages = {301--305},
  urldate = {2025-09-06}
}

@inproceedings{kornegay2015PassiveControlThermoAcoustic,
  title = {Passive {{Control}} of {{Thermo-Acoustic Instability}} in {{Different Length Combustors Using}} a {{High-Strength Metallic Porous Insert}}},
  booktitle = {{{ASME Turbo Expo}} 2015: {{Turbine Technical Conference}} and {{Exposition}}},
  author = {Kornegay, John and Depperschmidt, Daniel and Agrawal, Ajay K.},
  year = {2015},
  publisher = {American Society of Mechanical Engineers Digital Collection},
  doi = {10.1115/GT2015-43890},
  urldate = {2025-06-23}
}

@article{krishnan2025NumericalMethodMultidimensional,
  title = {A Numerical Method for the Multidimensional Hydrodynamic Model of Flames Propagating in Closed Vessels},
  author = {Krishnan, Gautham and Pantano, Carlos and Matalon, Moshe},
  year = {2025},
  journal = {Combustion and Flame},
  volume = {279},
  pages = {114283},
  doi = {10.1016/j.combustflame.2025.114283},
  urldate = {2025-06-25}
}

@book{kuo1986PrinciplesCombustion,
  title = {Principles of {{Combustion}}},
  author = {Kuo, K. K.},
  year = {1986},
  publisher = {John Wiley \& Sons},
  isbn = {0-471-09852-3}
}

@article{kuramoto1976PersistentPropagationConcentration,
  title = {Persistent {{Propagation}} of {{Concentration Waves}} in {{Dissipative Media Far}} from {{Thermal Equilibrium}}},
  author = {Kuramoto, Yoshiki and Tsuzuki, Toshio},
  year = {1976},
  journal = {Progress of Theoretical Physics},
  volume = {55},
  number = {2},
  pages = {356--369},
  doi = {10.1143/PTP.55.356},
  urldate = {2024-09-24}
}

@book{kutta1901BeitragZurNaherungsweisen,
  title = {{Beitrag zur N{\"a}herungsweisen Integration Totaler Differentialgleichungen}},
  author = {Kutta, Wilhelm},
  year = {1901},
  publisher = {Teubner}
}

@article{kwon2001FlameStretchInteractions,
  title = {Flame/{{Stretch Interactions}} of {{Premixed Hydrogen-Fueled Flames}}: {{Measurements}} and {{Predictions}}},
  author = {Kwon, O. C and Faeth, G. M},
  year = {2001},
  journal = {Combustion and Flame},
  volume = {124},
  number = {4},
  pages = {590--610},
  doi = {10.1016/S0010-2180(00)00229-7},
  urldate = {2024-04-09}
}

@article{lancaster1981SurfacesGeneratedMoving,
  title = {Surfaces Generated by Moving Least Squares Methods},
  author = {Lancaster, P. and Salkauskas, K.},
  year = {1981},
  journal = {Mathematics of Computation},
  volume = {37},
  number = {155},
  pages = {141--158},
  doi = {10.1090/S0025-5718-1981-0616367-1},
  urldate = {2025-09-15}
}

@article{landau1944TheorySlowCombustion,
  title = {On the {{Theory}} of {{Slow Combustion}}},
  author = {Landau, L. D.},
  year = {1944},
  journal = {Acta Physicochim (USSR)},
  volume = {19},
  number = {77},
  doi = {10.1016/B978-0-08-092523-3.50044-7},
  urldate = {2024-02-12}
}

@article{landau1967SamplingDataTransmission,
  title = {Sampling, {{Data Transmission}}, and the {{Nyquist Rate}}},
  author = {Landau, H.J.},
  year = {1967},
  journal = {Proceedings of the IEEE},
  volume = {55},
  number = {10},
  pages = {1701--1706},
  doi = {10.1109/PROC.1967.5962},
  urldate = {2023-12-19}
}

@book{landau1987FluidMechanicsLandau,
  title = {Fluid {{Mechanics}}: {{Landau}} and {{Lifshitz}}: {{Course}} of {{Theoretical Physics}}, {{Volume}} 6},
  author = {Landau, L. D. and Lifshitz, E. M.},
  year = {1987},
  publisher = {Elsevier Science \& Technology},
  address = {San Diego, UNITED KINGDOM},
  urldate = {2024-04-26},
  isbn = {978-1-4831-6104-4}
}

@misc{lanz2001Module3Hydrogen,
  type = {Course},
  title = {Module 3: {{Hydrogen Use In Internal Combustion Engines}}},
  author = {Lanz, Andre and Heffel, James and Messer, Colin},
  year = {2001},
  address = {College of the Desert}
}

@book{law2006CombustionPhysics,
  title = {{Combustion physics}},
  author = {Law, Chung King},
  year = {2006},
  publisher = {Cambridge University Press},
  doi = {10.1017/CBO9780511754517},
  urldate = {2024-10-09},
  isbn = {978-0-521-87052-8 978-0-511-75451-7}
}

@article{lax1960SystemsConservationLaws,
  title = {Systems of Conservation Laws},
  author = {Lax, Peter and Wendroff, Burton},
  year = {1960},
  journal = {Communications on Pure and Applied Mathematics},
  volume = {13},
  number = {2},
  pages = {217--237},
  doi = {10.1002/cpa.3160130205},
  urldate = {2025-09-09}
}

@article{layton2005ImplicationsChoiceQuadrature,
  title = {Implications of the {{Choice}} of {{Quadrature Nodes}} for {{Picard Integral Deferred Corrections Methods}} for {{Ordinary Differential Equations}}},
  author = {Layton, Anita T. and Minion, Michael L.},
  year = {2005},
  journal = {BIT Numerical Mathematics},
  volume = {45},
  number = {2},
  pages = {341--373},
  doi = {10.1007/s10543-005-0016-1},
  urldate = {2023-11-14}
}

@book{lewis1967CombustionFlamesExplosions,
  title = {Combustion, {{Flames}} and {{Explosions}} of {{Gases}}},
  author = {Lewis, Bernard and Von Elbe, Guenther},
  year = {1967},
  edition = {1},
  publisher = {Academic Press},
  address = {New York}
}

@article{li2002MeshfreeParticleMethods,
  title = {Meshfree and {{Particle Methods}} and {{Their Applications}}},
  author = {Li, Shaofan and Liu, Wing Kam},
  year = {2002},
  journal = {Applied Mechanics Reviews},
  volume = {55},
  number = {1},
  pages = {1--34},
  doi = {10.1115/1.1431547},
  urldate = {2024-05-21}
}

@article{liao2025ActiveControlThermoacoustic,
  title = {Active Control of Thermoacoustic Instability in a Lean-Premixed Hydrogen-Enriched Combustor via Open-Loop Acoustic Forcing},
  author = {Liao, Yu and Choi, Yongseok and Liu, Peijin and Kim, Kyu Tae and Guan, Yu},
  year = {2025},
  journal = {Combustion and Flame},
  volume = {277},
  pages = {114175},
  doi = {10.1016/j.combustflame.2025.114175},
  urldate = {2025-05-28}
}

@book{lieuwen2006CombustionInstabilitiesGas,
  title = {Combustion {{Instabilities In Gas Turbine Engines}}: {{Operational Experience}}, {{Fundamental Mechanisms}}, and {{Modeling}}},
  author = {Lieuwen, Timothy C. and Yang, Vigor},
  editor = {Lieuwen, Timothy C. and Yang, Vigor},
  year = {2006},
  publisher = {{American Institute of Aeronautics and Astronautics}},
  address = {Reston ,VA},
  doi = {10.2514/4.866807},
  urldate = {2024-09-25},
  isbn = {978-1-56347-669-3}
}

@article{lind2016HighorderEulerianIncompressible,
  title = {High-Order {{Eulerian}} Incompressible Smoothed Particle Hydrodynamics with Transition to {{Lagrangian}} Free-Surface Motion},
  author = {Lind, S. J. and Stansby, P. K.},
  year = {2016},
  journal = {Journal of Computational Physics},
  volume = {326},
  pages = {290--311},
  doi = {10.1016/j.jcp.2016.08.047},
  urldate = {2025-09-15}
}

@article{lind2020ReviewSmoothedParticle,
  title = {Review of Smoothed Particle Hydrodynamics: Towards Converged {{Lagrangian}} Flow Modelling},
  author = {Lind, Steven J. and Rogers, Benedict D. and Stansby, Peter K.},
  year = {2020},
  journal = {Proceedings of the Royal Society A: Mathematical, Physical and Engineering Sciences},
  volume = {476},
  number = {2241},
  pages = {20190801},
  publisher = {Royal Society},
  doi = {10.1098/rspa.2019.0801},
  urldate = {2024-10-08}
}

@article{lindelof1894LapplicationMethodeApproximations,
  title = {{Sur L'application De La M{\'e}thode Des Approximations Successives Aux {\'E}quations Diff{\'e}rentielles Ordinaires Du Premier Ordre}},
  author = {Lindel{\"o}f, Ernest},
  year = {1894},
  journal = {Comptes Rendus Hebdomadaires des S{\'e}ances de l'Acad{\'e}mie des Sciences},
  volume = {116},
  number = {3},
  pages = {454--457}
}

@article{lions2001ResolutionDedpPar,
  title = {{R{\'e}solution D'edp Par Un Sch{\'e}ma En Temps <<Parar{\'e}el>>}},
  author = {Lions, Jacques-Louis and Maday, Yvon and Turinici, Gabriel},
  year = {2001},
  journal = {Comptes Rendus de l'Acad{\'e}mie des Sciences-Series I-Mathematics},
  volume = {332},
  number = {7},
  pages = {661--668},
  publisher = {Elsevier}
}

@phdthesis{lodato2008TridimensionalBoundaryConditions,
  type = {Traditional Format},
  title = {Tridimensional {{Boundary Conditions}} for {{Direct}} and {{Large-Eddy Simulation}} of {{Turbulent Flows}}. {{Sub-Grid Scale Modeling}} for {{Near-Wall Region Turbulence}}},
  author = {Lodato, Guido},
  year = {2008},
  address = {INSA de Rouen},
  urldate = {2025-06-02},
  school = {INSA de Rouen}
}

@article{lubin2015ComputingOperationsResearch,
  title = {Computing in {{Operations Research Using Julia}}},
  author = {Lubin, Miles and Dunning, Iain},
  year = {2015},
  journal = {INFORMS Journal on Computing},
  volume = {27},
  number = {2},
  pages = {238--248},
  publisher = {INFORMS},
  doi = {10.1287/ijoc.2014.0623},
  urldate = {2024-02-06}
}

@incollection{ludford1982Stability,
  title = {Stability},
  booktitle = {Theory of {{Laminar Flames}}},
  editor = {Ludford, G. S. S. and Buckmaster, J. D.},
  year = {1982},
  series = {Cambridge {{Monographs}} on {{Mechanics}}},
  pages = {193--220},
  publisher = {Cambridge University Press},
  address = {Cambridge},
  doi = {10.1017/CBO9780511569531.012},
  urldate = {2024-03-19},
  isbn = {978-0-521-09192-3}
}

@article{luo2006LobattoInterpolationGrid,
  title = {A {{Lobatto Interpolation Grid}} in the {{Tetrahedron}}},
  author = {Luo, H. and Pozrikidis, C.},
  year = {2006},
  journal = {IMA Journal of Applied Mathematics},
  volume = {71},
  number = {2},
  pages = {298--313},
  doi = {10.1093/imamat/hxh111},
  urldate = {2023-11-14}
}

@article{luo2020ReviewLargeEddy,
  title = {Review on {{Large Eddy Simulation}} of {{Turbulent Premixed Combustion}} in {{Tubes}}},
  author = {Luo, Gang and Dai, Haidong and Dai, Lingpeng and Qian, Yunlou and Sha, Ce and Zhang, Yuxiang and Wu, Bingxin},
  year = {2020},
  journal = {Journal of Thermal Science},
  volume = {29},
  number = {4},
  pages = {853--867},
  doi = {10.1007/s11630-020-1311-5},
  urldate = {2025-09-08}
}

@article{luzzato2013ModellingThermoAcousticInstabilities,
  title = {Modelling {{Thermo-Acoustic Instabilities}} of an {{Anchored Laminar Flame}} in a {{Simple Lean Premixed Combustor}}: {{Including Hydrodynamic Effects}}},
  author = {Luzzato, Charles M. and Assier, Raphael and Morgans, Aimee and Wu, Xuesong},
  year = {2013},
  journal = {American Institute of Aeronautics and Astronautics},
  series = {19th {{AIAA}}/{{CEAS Aeroacoustics Conference}}},
  doi = {10.2514/6.2013-2003},
  urldate = {2023-09-24}
}

@phdthesis{luzzato2015ModellingControlCombustion,
  type = {Traditional Format},
  title = {Modelling and Control of Combustion Instabilities with Anchored Laminar Ducted Flames},
  author = {Luzzato, Charles M.},
  year = {2015},
  address = {Imperial College London},
  school = {Imperial College London}
}

@phdthesis{lyons2022ParallelTimeIntegrators,
  title = {Parallel {{Time Integrators}}},
  author = {Lyons, Dylan},
  year = {2022},
  school = {University of Edinburgh}
}

@article{mallard1883RecherchesExperimentalesTheoriques,
  title = {Recherches {{{\'E}xperimentales Et Th{\'e}oriques Sur La Combustion Des M{\'e}langes Gazeux Explosifs}}},
  author = {Mallard, E. E. and Le Chatalier, H.},
  year = {1883},
  journal = {Annals of Coal Mining and the Coal Trade},
  volume = {4},
  pages = {247}
}

@article{mansouri2019CombustionWavyMicroChannels,
  title = {Combustion in {{Wavy Micro-Channels}} for {{Thermo-Photovoltaic Applications}} -- {{Part I}}: {{Effects}} of {{Wavy Wall Geometry}}, {{Wall Temperature Profile}} and {{Reaction Mechanism}}},
  author = {Mansouri, Zakaria},
  year = {2019},
  journal = {Energy Conversion and Management},
  volume = {198},
  pages = {111155},
  doi = {10.1016/j.enconman.2018.12.105},
  urldate = {2024-09-13}
}

@article{markstein1951ExperimentalTheoreticalStudies,
  title = {Experimental and {{Theoretical Studies}} of {{Flame-Front Stability}}},
  author = {Markstein, George H.},
  year = {1951},
  journal = {Journal of the Aeronautical Sciences},
  volume = {18},
  number = {3},
  pages = {199--209}
}

@article{markstein1953InstabilityPhenomenaCombustion,
  title = {Instability {{Phenomena}} in {{Combustion Waves}}},
  author = {Markstein, George H.},
  year = {1953},
  journal = {Symposium (International) on Combustion},
  series = {Fourth {{Symposium}} ({{International}}) on {{Combustion}}},
  volume = {4},
  number = {1},
  pages = {44--59},
  doi = {10.1016/S0082-0784(53)80009-3},
  urldate = {2024-05-17}
}

@book{markstein1964NonsteadyFlamePropagation,
  title = {Nonsteady {{Flame Propagation}}},
  author = {Markstein, George H.},
  year = {1964},
  publisher = {Pergamon Press Ltd.},
  googlebooks = {wICoBQAAQBAJ},
  isbn = {978-1-4831-9659-6}
}

@inproceedings{martinez-ruiz2018VideoPremixedflameOscillations,
  title = {Video: {{Premixed-flame}} Oscillations in Narrow Channels},
  booktitle = {71th {{Annual Meeting}} of the {{APS Division}} of {{Fluid Dynamics}} - {{Gallery}} of {{Fluid Motion}}},
  author = {{Mart{\'i}nez-Ruiz}, Daniel and {Veiga-L{\'o}pez}, Fernando and S{\'a}nchez Sanz, Mario},
  year = {2018},
  publisher = {American Physical Society},
  address = {Atlanta, GA},
  doi = {10.1103/APS.DFD.2018.GFM.V0018},
  urldate = {2025-08-28}
}

@article{matalon1982FlamesGasdynamicDiscontinuities,
  title = {Flames as {{Gasdynamic Discontinuities}}},
  author = {Matalon, M. and Matkowsky, B. J.},
  year = {1982},
  journal = {Journal of Fluid Mechanics},
  volume = {124},
  pages = {239--259},
  publisher = {Cambridge University Press},
  doi = {10.1017/S0022112082002481},
  urldate = {2024-01-17}
}

@article{matalon1983FlamesFluidsTheir,
  title = {Flames in {{Fluids}}: {{Their Interaction}} and {{Stability}}},
  author = {Matalon, M. and Matkowsky, B.J.},
  year = {1983},
  journal = {Combustion Science and Technology},
  volume = {34},
  number = {1-6},
  pages = {295--316},
  publisher = {Taylor \& Francis},
  doi = {10.1080/00102208308923696},
  urldate = {2024-03-22}
}

@article{matalon1983FlameStretch,
  title = {On {{Flame Stretch}}},
  author = {Matalon, Moshe},
  year = {1983},
  journal = {Combustion Science and Technology},
  volume = {31},
  number = {3-4},
  pages = {169--181},
  publisher = {Taylor \& Francis},
  doi = {10.1080/00102208308923638},
  urldate = {2024-09-18}
}

@article{matalon1984StabilityPlaneCurved,
  title = {On the {{Stability}} of {{Plane}} and {{Curved Flames}}},
  author = {Matalon, M. and Matkowsky, B. J.},
  year = {1984},
  journal = {SIAM Journal on Applied Mathematics},
  volume = {44},
  number = {2},
  pages = {327--343},
  publisher = {{Society for Industrial and Applied Mathematics}},
  doi = {10.1137/0144023},
  urldate = {2024-04-08}
}

@article{matalon2003HydrodynamicTheoryPremixed,
  title = {Hydrodynamic {{Theory}} of {{Premixed Flames}}: {{Effects}} of {{Stoichiometry}}, {{Variable Transport Coefficients}} and {{Arbitrary Reaction Orders}}},
  author = {Matalon, M. and Cui, C. and Bechtold, J. K.},
  year = {2003},
  journal = {Journal of Fluid Mechanics},
  volume = {487},
  pages = {179--210},
  doi = {10.1017/S0022112003004683},
  urldate = {2024-06-25}
}

@article{matalon2007IntrinsicFlameInstabilities,
  title = {Intrinsic {{Flame Instabilities}} in {{Premixed}} and {{Nonpremixed Combustion}}},
  author = {Matalon, Moshe},
  year = {2007},
  journal = {Annual Review of Fluid Mechanics},
  volume = {39},
  number = {Volume 39, 2007},
  pages = {163--191},
  publisher = {Annual Reviews},
  doi = {10.1146/annurev.fluid.38.050304.092153},
  urldate = {2024-03-19}
}

@article{matalon2018DarrieusLandauInstability,
  title = {The {{Darrieus}}--{{Landau Instability}} of {{Premixed Flames}}},
  author = {Matalon, Moshe},
  year = {2018},
  journal = {Fluid Dynamics Research},
  volume = {50},
  number = {5},
  pages = {051412},
  publisher = {IOP Publishing},
  doi = {10.1088/1873-7005/aab510},
  urldate = {2024-03-22}
}

@article{mathieu1868MemoireMouvementVibratoire,
  title = {{M{\'e}moire Sur le Mouvement Vibratoire d'une Membrane de Forme Elliptique.}},
  author = {Mathieu, {\'E}mile},
  year = {1868},
  journal = {Journal de Math{\'e}matiques Pures et Appliqu{\'e}es},
  volume = {13},
  pages = {137--203},
  urldate = {2024-09-26}
}

@article{matkowsky1979AsymptoticDerivationTwo,
  title = {An {{Asymptotic Derivation}} of {{Two Models}} in {{Flame Theory Associated}} with the {{Constant Density Approximation}}},
  author = {Matkowsky, B. J. and Sivashinsky, G. I.},
  year = {1979},
  journal = {SIAM Journal on Applied Mathematics},
  volume = {37},
  number = {3},
  pages = {686--699},
  publisher = {{Society for Industrial and Applied Mathematics}},
  doi = {10.1137/0137051},
  urldate = {2024-02-21}
}

@misc{mayorga2021DetectionRotationalVariability,
  title = {Detection of {{Rotational Variability}} in {{Floofy Objects}} at {{Optical Wavelengths}}},
  author = {Mayorga, L. C. and May, E. M. and {Lustig-Yaeger}, J. and Moran, S. E.},
  year = {2021},
  number = {arXiv:2103.16636},
  publisher = {arXiv},
  doi = {10.48550/arXiv.2103.16636},
  urldate = {2023-11-26}
}

@techreport{mcbride1993CoefficientsCalculatingThermodynamic,
  title = {Coefficients for {{Calculating Thermodynamic}} and {{Transport Properties}} of {{Individual Species}}},
  author = {Mcbride, Bonnie J. and Gordon, Sanford and Reno, Martin A.},
  year = {1993},
  number = {NASA-TM-4513},
  institution = {NASA},
  urldate = {2024-05-01}
}

@article{mcmanus1993ReviewActiveControl,
  title = {A {{Review}} of {{Active Control}} of {{Combustion Instabilities}}},
  author = {McManus, K. R. and Poinsot, T. and Candel, S. M.},
  year = {1993},
  journal = {Progress in Energy and Combustion Science},
  volume = {19},
  number = {1},
  pages = {1--29},
  doi = {10.1016/0360-1285(93)90020-F},
  urldate = {2024-03-19}
}

@article{meadows2015PorousInsertsPassive,
  title = {Porous {{Inserts}} for {{Passive Control}} of {{Noise}} and {{Thermo-Acoustic Instabilities}} in {{LDI Combustion}}},
  author = {Meadows, Joseph W. and Agrawal, Ajay K.},
  year = {2015},
  journal = {Combustion Science and Technology},
  volume = {187},
  number = {7},
  pages = {1021--1035},
  publisher = {Taylor \& Francis},
  doi = {10.1080/00102202.2014.993031},
  urldate = {2024-09-13}
}

@phdthesis{mellema2020ParallelDeferredCorrection,
  title = {Parallel {{Deferred Correction}} for the {{Solution}} of {{Initial Value Problems}} in {{Astrodynamics}}},
  author = {Mellema, Hunter},
  year = {2020},
  school = {University of Colorado, Boulder}
}

@article{merk1957AnalysisHeatdrivenOscillations,
  title = {Analysis of Heat-Driven Oscillations of Gas Flows},
  author = {Merk, H. J.},
  year = {1957},
  journal = {Applied Scientific Research, Section A},
  volume = {6},
  number = {4},
  pages = {317--336},
  doi = {10.1007/BF03184653},
  urldate = {2025-01-29}
}

@article{michelson1977NonlinearAnalysisHydrodynamic,
  title = {Nonlinear {{Analysis}} of {{Hydrodynamic Instability}} in {{Laminar Flames}}---{{II}}. {{Numerical Experiments}}},
  author = {Michelson, D. M. and Sivashinsky, G. I.},
  year = {1977},
  journal = {Acta Astronautica},
  volume = {4},
  number = {11},
  pages = {1207--1221},
  doi = {10.1016/0094-5765(77)90097-2},
  urldate = {2024-03-20}
}

@article{minion2003SemiImplicitSpectralDeferred,
  title = {Semi-{{Implicit Spectral Deferred Correction Methods}} for {{Ordinary Differential Equations}}},
  author = {Minion, Michael L},
  year = {2003},
  journal = {Communications in Mathematical Sciences},
  volume = {1},
  number = {3},
  pages = {471--500},
  doi = {10.4310/CMS.2003.v1.n3.a6}
}

@inproceedings{minion2008PararealSpectralDeferred,
  title = {Parareal and {{Spectral Deferred Corrections}}},
  booktitle = {{{AIP Conference Proceedings}}},
  author = {Minion, Michael L and Williams, Sarah A},
  year = {2008},
  volume = {1048},
  pages = {388--391},
  publisher = {American Institute of Physics}
}

@article{minion2011HybridPararealSpectral,
  title = {A {{Hybrid Parareal Spectral Deferred Corrections Method}}},
  author = {Minion, Michael},
  year = {2011},
  journal = {Communications in Applied Mathematics and Computational Science},
  volume = {5},
  number = {2},
  pages = {265--301},
  publisher = {Mathematical Sciences Publishers}
}

@article{mira2023HPCenablingTechnologiesHighfidelity,
  title = {{{HPC-enabling}} Technologies for High-Fidelity Combustion Simulations},
  author = {Mira, Daniel and {P{\'e}rez-S{\'a}nchez}, Eduardo J. and Borrell, Ricard and Houzeaux, Guillaume},
  year = {2023},
  journal = {Proceedings of the Combustion Institute},
  volume = {39},
  number = {4},
  pages = {5091--5125},
  doi = {10.1016/j.proci.2022.07.222},
  urldate = {2024-12-13}
}

@article{moin1998DirectNumericalSimulation,
  title = {Direct {{Numerical Simulation}}: {{A Tool}} in {{Turbulence Research}}},
  author = {Moin, Parviz and Mahesh, Krishnan},
  year = {1998},
  journal = {Annual Review of Fluid Mechanics},
  volume = {30},
  number = {Volume 30, 1998},
  pages = {539--578},
  publisher = {Annual Reviews},
  doi = {10.1146/annurev.fluid.30.1.539},
  urldate = {2024-03-28}
}

@inproceedings{molkov2007HydrogenSafetyResearch,
  title = {Hydrogen Safety Research: State-of-the-Art},
  booktitle = {Proceedings of the 5th International Seminar on Fire and Explosion Hazards},
  author = {Molkov, V},
  year = {2007},
  volume = {23},
  pages = {27}
}

@article{momirlan2005PropertiesHydrogenFuel,
  title = {The {{Properties}} of {{Hydrogen}} as {{Fuel Tomorrow}} in {{Sustainable Energy System}} for a {{Cleaner Planet}}},
  author = {Momirlan, Magdalena and Veziroglu, T. N.},
  year = {2005},
  journal = {International Journal of Hydrogen Energy},
  volume = {30},
  number = {7},
  pages = {795--802},
  doi = {10.1016/j.ijhydene.2004.10.011},
  urldate = {2024-04-10}
}

@article{monaghan1992SmoothedParticleHydrodynamics,
  title = {Smoothed {{Particle Hydrodynamics}}},
  author = {Monaghan, J. J.},
  year = {1992},
  journal = {Annual Review of Astronomy and Astrophysics},
  volume = {30},
  number = {1},
  pages = {543--574},
  doi = {10.1146/annurev.aa.30.090192.002551},
  urldate = {2023-09-22}
}

@article{morgans2024ThermoacousticInstabilityCombustors,
  title = {Thermoacoustic {{Instability}} in {{Combustors}}},
  author = {Morgans, Aimee S. and Yang, Dong},
  year = {2024},
  publisher = {Annual Reviews},
  doi = {10.1146/annurev-fluid-121021-032828},
  urldate = {2024-09-29}
}

@article{mortensen2016HighPerformancePython,
  title = {High {{Performance Python}} for {{Direct Numerical Simulations}} of {{Turbulent Flows}}},
  author = {Mortensen, Mikael and Langtangen, Hans Petter},
  year = {2016},
  journal = {Computer Physics Communications},
  volume = {203},
  pages = {53--65},
  publisher = {Elsevier}
}

@article{mortimer1980ElementaryTransitionState,
  title = {Elementary {{Transition State Theory}} of the {{Soret}} and {{Dufour Effects}}},
  author = {Mortimer, Robert G. and Eyring, Henry},
  year = {1980},
  journal = {Proceedings of the National Academy of Sciences},
  volume = {77},
  number = {4},
  pages = {1728--1731},
  publisher = {Proceedings of the National Academy of Sciences},
  doi = {10.1073/pnas.77.4.1728},
  urldate = {2024-02-17}
}

@phdthesis{morton2010IntegralDeferredCorrection,
  title = {Integral {{Deferred Correction Methods}} for {{Scientific Computing}}},
  author = {Morton, Maureen},
  year = {2010},
  urldate = {2023-11-14},
  school = {Michigan State University}
}

@article{moureau2011DesignMassivelyParallel,
  title = {Design of a {{Massively Parallel CFD Code}} for {{Complex Geometries}}},
  author = {Moureau, Vincent and Domingo, Pascale and Vervisch, Luc},
  year = {2011},
  journal = {Comptes Rendus. M{\'e}canique},
  volume = {339},
  number = {2-3},
  pages = {141--148},
  doi = {10.1016/j.crme.2010.12.001},
  urldate = {2024-04-09}
}

@article{mujeebu2009CombustionPorousMedia,
  title = {Combustion in {{Porous Media}} and {{Its Applications}} -- a {{Comprehensive Survey}}},
  author = {Mujeebu, M. Abdul and Abdullah, M. Z. and Bakar, M. Z. Abu and Mohamad, A. A. and Muhad, R. M. N. and Abdullah, M. K.},
  year = {2009},
  journal = {Journal of Environmental Management},
  volume = {90},
  number = {8},
  pages = {2287--2312},
  doi = {10.1016/j.jenvman.2008.10.009},
  urldate = {2024-07-12}
}

@article{mukundan2018NumericalTechniquesUnsteady,
  title = {Numerical {{Techniques}} for {{Unsteady Nonlinear Burgers Equation Based}} on {{Backward Differentiation Formulas}}},
  author = {Mukundan, Vijitha and Awasthi, Ashish},
  year = {2018},
  journal = {Nonlinear Engineering},
  volume = {7},
  number = {3},
  pages = {171--181},
  publisher = {De Gruyter},
  doi = {10.1515/nleng-2017-0068},
  urldate = {2024-01-17}
}

@misc{nationalgrid2022HeatingOurHomes,
  title = {Heating {{Our Homes}} with {{Hydrogen}}},
  author = {National Grid},
  year = {2022},
  urldate = {2024-04-11}
}

@misc{nek1996NEK5000,
  title = {{{NEK5000}}},
  author = {NEK},
  year = {1996},
  urldate = {2025-09-09}
}

@article{nethercote2023DiffractionAcousticWaves,
  title = {Diffraction of {{Acoustic Waves}} by {{Multiple Semi-Infinite Arrays}}},
  author = {Nethercote, M. A. and Kisil, A. V. and Assier, R. C.},
  year = {2023},
  journal = {The Journal of the Acoustical Society of America},
  volume = {154},
  number = {3},
  pages = {1493--1504},
  doi = {10.1121/10.0020844},
  urldate = {2024-09-13}
}

@article{newell2019GlobalEnergyOutlook,
  title = {Global Energy Outlook 2019: The next Generation of Energy},
  author = {Newell, Richard and Raimi, Daniel and Aldana, Gloria},
  year = {2019},
  journal = {Resources for the Future},
  volume = {1},
  number = {8}
}

@article{nicoud1999DefiningWaveAmplitude,
  title = {Defining {{Wave Amplitude}} in {{Characteristic Boundary Conditions}}},
  author = {Nicoud, F},
  year = {1999},
  journal = {Journal of Computational Physics},
  volume = {149},
  number = {2},
  pages = {418--422},
  doi = {10.1006/jcph.1998.6131},
  urldate = {2025-09-10}
}

@phdthesis{nielsen2018ScalingResilienceNumerical,
  title = {Scaling and {{Resilience}} in {{Numerical Algorithms}} for {{Exascale Computing}}},
  author = {Nielsen, Allan Svejstrup},
  year = {2018},
  address = {Lausanne},
  doi = {10.5075/epfl-thesis-8926},
  school = {EPFL}
}

@article{nievergelt1964ParallelMethodsIntegrating,
  title = {Parallel {{Methods}} for {{Integrating Ordinary Differential Equations}}},
  author = {Nievergelt, J{\"u}rg},
  year = {1964},
  journal = {Communications of the ACM},
  volume = {7},
  number = {12},
  pages = {731--733},
  publisher = {ACM New York, NY, USA},
  doi = {10.1145/355588.365137}
}

@article{nikolaidis2017ComparativeOverviewHydrogen,
  title = {A {{Comparative Overview}} of {{Hydrogen Production Processes}}},
  author = {Nikolaidis, Pavlos and Poullikkas, Andreas},
  year = {2017},
  journal = {Renewable and Sustainable Energy Reviews},
  volume = {67},
  pages = {597--611},
  doi = {10.1016/j.rser.2016.09.044},
  urldate = {2024-04-10}
}

@article{noiray2008UnifiedFrameworkNonlinear,
  title = {A Unified Framework for Nonlinear Combustion Instability Analysis Based on the Flame Describing Function},
  author = {Noiray, N. and Durox, D. and Schuller, T. and Candel, S.},
  year = {2008},
  journal = {Journal of Fluid Mechanics},
  volume = {615},
  pages = {139--167},
  doi = {10.1017/S0022112008003613},
  urldate = {2025-04-14}
}

@article{nyquist1928CertainTopicsTelegraph,
  title = {Certain {{Topics}} in {{Telegraph Transmission Theory}}},
  author = {Nyquist, H.},
  year = {1928},
  journal = {Transactions of the American Institute of Electrical Engineers},
  volume = {47},
  number = {2},
  pages = {617--644},
  doi = {10.1109/T-AIEE.1928.5055024},
  urldate = {2023-12-19}
}

@article{oconnor2023UnderstandingRoleFlow,
  title = {Understanding the Role of Flow Dynamics in Thermoacoustic Combustion Instability},
  author = {O'Connor, Jacqueline},
  year = {2023},
  journal = {Proceedings of the Combustion Institute},
  volume = {39},
  number = {4},
  pages = {4583--4610},
  doi = {10.1016/j.proci.2022.07.115},
  urldate = {2025-04-28}
}

@misc{officefornationalstatistics2022TrendsUKImports,
  title = {Trends in {{UK Imports}} and {{Exports}} of {{Fuels}}},
  author = {{Office for National Statistics}},
  year = {2022},
  publisher = {Office for National Statistics}
}

@incollection{omalley2014MethodMatchedAsymptotic,
  title = {The {{Method}} of {{Matched Asymptotic Expansions}} and {{Its Generalizations}}},
  booktitle = {Historical {{Developments}} in {{Singular Perturbations}}},
  author = {O'Malley, Robert E.},
  editor = {O'Malley, Robert E.},
  year = {2014},
  pages = {53--121},
  publisher = {Springer International Publishing},
  address = {Cham},
  doi = {10.1007/978-3-319-11924-3_3},
  urldate = {2024-02-22},
  isbn = {978-3-319-11924-3}
}

@article{ong2012ParallelSemiImplicitTime,
  title = {Parallel {{Semi-Implicit Time Integrators}}},
  author = {Ong, Benjamin and Melfi, Andrew and Christlieb, Andrew},
  year = {2012},
  journal = {arXiv preprint arXiv:1209.4297}
}

@article{ong2016Algorithm965RIDC,
  title = {Algorithm 965: {{RIDC Methods}}: {{A Family}} of {{Parallel Time Integrators}}},
  author = {Ong, Benjamin W and Haynes, Ronald D and Ladd, Kyle},
  year = {2016},
  journal = {ACM Transactions on Mathematical Software (TOMS)},
  volume = {43},
  number = {1},
  pages = {1--13},
  publisher = {ACM New York, NY, USA}
}

@article{ong2020ApplicationsTimeParallelization,
  title = {Applications of {{Time Parallelization}}},
  author = {Ong, Benjamin W and Schroder, Jacob B},
  year = {2020},
  journal = {Computing and Visualization in Science},
  volume = {23},
  number = {1},
  pages = {1--15},
  publisher = {Springer}
}

@article{ong2020DeferredCorrectionMethods,
  title = {Deferred {{Correction Methods}} for {{Ordinary Differential Equations}}},
  author = {Ong, Benjamin W. and Spiteri, Raymond J.},
  year = {2020},
  journal = {Journal of Scientific Computing},
  volume = {83},
  number = {3},
  pages = {60},
  doi = {10.1007/s10915-020-01235-8},
  urldate = {2024-04-16}
}

@article{ong2020DeferredCorrectionMethodsa,
  title = {Deferred {{Correction Methods}} for {{Ordinary Differential Equations}}},
  author = {Ong, Benjamin W and Spiteri, Raymond J},
  year = {2020},
  journal = {Journal of Scientific Computing},
  volume = {83},
  number = {3},
  pages = {1--29},
  publisher = {Springer}
}

@misc{opencfdltd2004OpenFOAM,
  title = {{{OpenFOAM}}},
  author = {OpenCFD Ltd},
  year = {2004},
  urldate = {2025-09-09}
}

@article{orchini2020ThermoacousticModesIntrinsic,
  title = {Thermoacoustic Modes of Intrinsic and Acoustic Origin and Their Interplay with Exceptional Points},
  author = {Orchini, Alessandro and Silva, Camilo F. and Mensah, Georg A. and Moeck, Jonas P.},
  year = {2020},
  journal = {Combustion and Flame},
  volume = {211},
  pages = {83--95},
  doi = {10.1016/j.combustflame.2019.09.018},
  urldate = {2025-09-05}
}

@article{orchini2025TrackingAcousticIntrinsic,
  title = {Tracking of Acoustic and Intrinsic Modes for Thermoacoustic Systems with a General Flame Model},
  author = {Orchini, Alessandro and Cronqvist, Frida and {von Saldern}, Jakob G. R. and Humbert, Sylvain C. and Moeck, Jonas},
  year = {2025},
  journal = {Combustion and Flame},
  volume = {275},
  pages = {113998},
  doi = {10.1016/j.combustflame.2025.113998},
  urldate = {2025-03-03}
}

@article{orszag1970AnalyticalTheoriesTurbulence,
  title = {Analytical {{Theories}} of {{Turbulence}}},
  author = {Orszag, Steven A.},
  year = {1970},
  journal = {Journal of Fluid Mechanics},
  volume = {41},
  number = {2},
  pages = {363--386},
  publisher = {Cambridge University Press},
  doi = {10.1017/S0022112070000642},
  urldate = {2023-12-21}
}

@article{orszag1971EliminationAliasingFiniteDifference,
  title = {On the {{Elimination}} of {{Aliasing}} in {{Finite-Difference Schemes}} by {{Filtering High-Wavenumber Components}}},
  author = {Orszag, Steven A.},
  year = {1971},
  journal = {Journal of the Atmospheric Sciences},
  volume = {28},
  number = {6},
  pages = {1074--1074},
  publisher = {American Meteorological Society},
  doi = {10.1175/1520-0469(1971)028<1074:OTEOAI>2.0.CO;2},
  urldate = {2024-08-22},
  chapter = {Journal of the Atmospheric Sciences}
}

@article{orszag1972NumericalSimulationThreeDimensional,
  title = {Numerical {{Simulation}} of {{Three-Dimensional Homogeneous Isotropic Turbulence}}},
  author = {Orszag, Steven A. and Patterson, G. S.},
  year = {1972},
  journal = {Physical Review Letters},
  volume = {28},
  number = {2},
  pages = {76--79},
  publisher = {American Physical Society},
  doi = {10.1103/PhysRevLett.28.76},
  urldate = {2025-09-06}
}

@article{owens2022OreologyFractureFlow,
  title = {On {{Oreology}}, the {{Fracture}} and {{Flow}} of ``{{Milk}}'s {{Favorite Cookie}}{\textregistered}''},
  author = {Owens, Crystal E. and Fan, Max R. (范瑞) and Hart, A. John and McKinley, Gareth H.},
  year = {2022},
  journal = {Physics of Fluids},
  volume = {34},
  number = {4},
  pages = {043107},
  doi = {10.1063/5.0085362},
  urldate = {2023-11-22}
}

@article{pan2015HydrogenOxygenPremixed,
  title = {Hydrogen/{{Oxygen Premixed Combustion Characteristics}} in {{Micro Porous Media Combustor}}},
  author = {Pan, J. F. and Wu, D. and Liu, Y. X. and Zhang, H. F. and Tang, A. K. and Xue, H.},
  year = {2015},
  journal = {Applied Energy},
  volume = {160},
  pages = {802--807},
  doi = {10.1016/j.apenergy.2014.12.049},
  urldate = {2024-07-16}
}

@article{patera1984SpectralElementMethod,
  title = {A Spectral Element Method for Fluid Dynamics: {{Laminar}} Flow in a Channel Expansion},
  author = {Patera, Anthony T},
  year = {1984},
  journal = {Journal of Computational Physics},
  volume = {54},
  number = {3},
  pages = {468--488},
  doi = {10.1016/0021-9991(84)90128-1},
  urldate = {2025-09-11}
}

@article{patyal2018NonlinearDevelopmentHydrodynamicallyUnstable,
  title = {Nonlinear {{Development}} of {{Hydrodynamically-Unstable Flames}} in {{Three-Dimensional Laminar Flows}}},
  author = {Patyal, Advitya and Matalon, Moshe},
  year = {2018},
  journal = {Combustion and Flame},
  series = {Special {{Commemorative Issue}}: {{Professor Chung King}} ({{Ed}}) {{Law}} 70th {{Birthday}}},
  volume = {195},
  pages = {128--139},
  doi = {10.1016/j.combustflame.2018.03.014},
  urldate = {2024-08-01}
}

@article{pelce1982InfluenceHydrodynamicsDiffusion,
  title = {Influence of {{Hydrodynamics}} and {{Diffusion Upon}} the {{Stability Limits}} of {{Laminar Premixed Flames}}},
  author = {Pelc{\'e}, Pierre and Clavin, Paul},
  editor = {Pelc{\'e}, Pierre},
  year = {1982},
  journal = {Journal of Fluid Mechanics},
  volume = {124},
  pages = {219--237},
  doi = {10.1016/B978-0-08-092523-3.50046-0},
  urldate = {2023-11-22}
}

@article{peters1987AsymptoticStructureStoichiometric,
  title = {The Asymptotic Structure of Stoichiometric Methaneair Flames},
  author = {Peters, N. and Williams, F. A.},
  year = {1987},
  journal = {Combustion and Flame},
  volume = {68},
  number = {2},
  pages = {185--207},
  doi = {10.1016/0010-2180(87)90057-5},
  urldate = {2025-02-04}
}

@book{peters2000TurbulentCombustion,
  title = {Turbulent {{Combustion}}},
  author = {Peters, Norbert},
  year = {2000},
  publisher = {Cambridge University Press},
  isbn = {978-0-511-61270-1}
}

@article{peters2009MultiscaleCombustionTurbulence,
  title = {Multiscale {{Combustion}} and {{Turbulence}}},
  author = {Peters, N.},
  year = {2009},
  journal = {Proceedings of the Combustion Institute},
  volume = {32},
  number = {1},
  pages = {1--25},
  doi = {10.1016/j.proci.2008.07.044},
  urldate = {2024-04-03}
}

@article{picard1893LapplicationMethodesDapproximations,
  title = {{Sur L'application Des M{\'e}thodes D'approximations Successives {\`A} L'{\'e}tude De Certaines {\'E}quations Diff{\'e}rentielles Ordinaires}},
  author = {Picard, {\'E}mile},
  year = {1893},
  journal = {Journal de Math{\'e}matiques Pures et Appliqu{\'e}es},
  volume = {9},
  pages = {217--271}
}

@article{pitsch2006LargeEddySimulationTurbulent,
  title = {Large-{{Eddy Simulation}} of {{Turbulent Combustion}}},
  author = {Pitsch, Heinz},
  year = {2006},
  journal = {Annual Review of Fluid Mechanics},
  volume = {38},
  number = {Volume 38, 2006},
  pages = {453--482},
  publisher = {Annual Reviews},
  doi = {10.1146/annurev.fluid.38.050304.092133},
  urldate = {2025-09-08}
}

@article{pitsch2024TransitionSustainableCombustion,
  title = {The Transition to Sustainable Combustion: {{Hydrogen-}} and Carbon-Based Future Fuels and Methods for Dealing with Their Challenges},
  author = {Pitsch, Heinz},
  year = {2024},
  journal = {Proceedings of the Combustion Institute},
  volume = {40},
  number = {1},
  pages = {105638},
  doi = {10.1016/j.proci.2024.105638},
  urldate = {2024-11-29}
}

@article{poinsot1992BoundaryConditionsDirect,
  title = {Boundary {{Conditions}} for {{Direct Simulations}} of {{Compressible Viscous Flows}}},
  author = {Poinsot, T. J and Lele, S. K},
  year = {1992},
  journal = {Journal of Computational Physics},
  volume = {101},
  number = {1},
  pages = {104--129},
  doi = {10.1016/0021-9991(92)90046-2},
  urldate = {2024-05-01}
}

@book{poinsot2001TheoreticalNumericalCombustion,
  title = {Theoretical and {{Numerical Combustion}}},
  author = {Poinsot, Thierry and Veynante, Denis},
  year = {2001},
  edition = {1st Edition},
  publisher = {R.T. Edwards, Inc.},
  isbn = {978-1-930217-10-2}
}

@incollection{polifke2004CombustionInstabilities,
  title = {Combustion {{Instabilities}}},
  booktitle = {Advances in {{Aeroacoustics}} and {{Applications}}},
  author = {Polifke, W},
  year = {2004},
  publisher = {Von Karman Institute},
  address = {TU M{\"u}nchen, Germany}
}

@article{polifke2006PartiallyReflectingNonreflecting,
  title = {Partially Reflecting and Non-Reflecting Boundary Conditions for Simulation of Compressible Viscous Flow},
  author = {Polifke, Wolfgang and Wall, Clifton and Moin, Parviz},
  year = {2006},
  journal = {Journal of Computational Physics},
  volume = {213},
  number = {1},
  pages = {437--449},
  doi = {10.1016/j.jcp.2005.08.016},
  urldate = {2025-08-04}
}

@article{prosser2005ImprovedBoundaryConditions,
  title = {Improved Boundary Conditions for the Direct Numerical Simulation of Turbulent Subsonic Flows. {{I}}. {{Inviscid}} Flows},
  author = {Prosser, R.},
  year = {2005},
  journal = {Journal of Computational Physics},
  volume = {207},
  number = {2},
  pages = {736--768},
  doi = {10.1016/j.jcp.2005.01.027},
  urldate = {2025-09-10}
}

@article{prosser2011ImprovedBoundaryConditions,
  title = {Improved {{Boundary Conditions}} for the {{DNS}} of {{Reacting Subsonic Flows}}},
  author = {Prosser, Robert},
  year = {2011},
  journal = {Flow, Turbulence and Combustion},
  volume = {87},
  number = {2},
  pages = {351--376},
  doi = {10.1007/s10494-010-9307-y},
  urldate = {2025-09-10}
}

@article{qadeer2019ComputingDirichletNeumannOperator,
  title = {Computing the {{Dirichlet--Neumann Operator}} on a {{Cylinder}}},
  author = {Qadeer, Saad and Wilkening, Jon A},
  year = {2019},
  journal = {SIAM Journal on Numerical Analysis},
  volume = {57},
  pages = {1183--1204},
  doi = {10.1137/18M1204796},
  urldate = {2023-09-17}
}

@article{rackauckas2017DifferentialEquationsjlPerformantFeatureRich,
  title = {{{DifferentialEquations}}.Jl -- {{A Performant}} and {{Feature-Rich Ecosystem}} for {{Solving Differential Equations}} in {{Julia}}},
  author = {Rackauckas, Chris and Nie, Qing},
  year = {2017},
  journal = {Journal of Open Research Software},
  volume = {5},
  doi = {10.5334/jors.151}
}

@article{radack2025IdentificationInstantaneousFlame,
  title = {Identification of Instantaneous Flame Transfer Functions},
  author = {Radack, Justus Florian and Schuermans, Bruno and Noiray, Nicolas},
  year = {2025},
  journal = {Combustion and Flame},
  volume = {279},
  pages = {114246},
  doi = {10.1016/j.combustflame.2025.114246},
  urldate = {2025-06-30}
}

@article{rajavel2013AcousticsCorrugatedPipes,
  title = {Acoustics of {{Corrugated Pipes}}: {{A Review}}},
  author = {Rajavel, B. and Prasad, M. G.},
  year = {2013},
  journal = {Applied Mechanics Reviews},
  volume = {65},
  number = {050801},
  doi = {10.1115/1.4025302},
  urldate = {2024-09-13}
}

@article{rankine1870ThermodynamicTheoryWaves,
  title = {On the {{Thermodynamic Theory}} of {{Waves}} of {{Finite Longitudinal Disturbance}}},
  author = {Rankine, William John Macquorn},
  year = {1870},
  journal = {Philosophical Transactions of the Royal Society of London},
  volume = {160},
  pages = {277--288},
  publisher = {Royal Society},
  doi = {10.1098/rstl.1870.0015},
  urldate = {2024-09-06}
}

@article{rastigejev2006NonlinearEvolutionHydrodynamically,
  title = {Nonlinear Evolution of Hydrodynamically Unstable Premixed Flames},
  author = {Rastigejev, Y. and Matalon, M.},
  year = {2006},
  journal = {Journal of Fluid Mechanics},
  volume = {554},
  pages = {371--392},
  doi = {10.1017/S0022112005008098},
  urldate = {2024-12-13}
}

@article{rastigejev2006NumericalSimulationFlames,
  title = {Numerical Simulation of Flames as Gas-Dynamic Discontinuities},
  author = {Rastigejev, Yevgenii and Matalon, Moshe},
  year = {2006},
  journal = {Combustion Theory and Modelling},
  volume = {10},
  number = {3},
  pages = {459--481},
  publisher = {Taylor \& Francis},
  doi = {10.1080/13647830500463502},
  urldate = {2024-12-13}
}

@inproceedings{rayleigh1883InvestigationCharacterEquilibrium,
  title = {Investigation of the {{Character}} of the {{Equilibrium}} of an {{Incompressible Heavy Fluid}} of {{Variable Density}}},
  booktitle = {Proceedings of the {{London Mathematical Society}}},
  author = {Rayleigh, John William Strutt Baron},
  year = {1883},
  volume = {14},
  pages = {170--177},
  publisher = {Cambridge University Press},
  doi = {10.1112/plms/s1-14.1.170}
}

@book{rayleigh1896TheorySound,
  title = {The {{Theory}} of {{Sound}}},
  author = {Rayleigh, John William Strutt Baron},
  year = {1896},
  volume = {2},
  publisher = {Dover Publications},
  address = {New York}
}

@incollection{razak20076GasTurbine,
  title = {6 - {{Gas}} Turbine Combustion},
  booktitle = {Industrial {{Gas Turbines}}},
  author = {Razak, A. M. Y.},
  editor = {Razak, A. M. Y.},
  year = {2007},
  pages = {137--173},
  publisher = {Woodhead Publishing},
  doi = {10.1533/9781845693404.1.137},
  urldate = {2024-10-24},
  isbn = {978-1-84569-205-6}
}

@book{reynolds1903PapersMechanicalPhysical,
  title = {Papers on {{Mechanical}} and {{Physical Subjects}}},
  author = {Reynolds, Osborne},
  year = {1903},
  volume = {3, The Sub-Mechanics of the Universe},
  publisher = {Cambridge University Press},
  address = {Cambridge}
}

@misc{richardson2025EstimationCentreMass,
  title = {On the {{Estimation}} of {{Centre}} of {{Mass}} in {{Periodic Systems}}},
  author = {Richardson, Harry and Dunn, Josh and McCluskey, Andrew R.},
  year = {2025},
  number = {arXiv:2501.14578},
  publisher = {arXiv},
  doi = {10.48550/arXiv.2501.14578},
  urldate = {2025-04-28}
}

@inproceedings{roncen2023DevelopmentsTimedomainImpedance,
  title = {Developments of the Time-Domain Impedance Boundary Condition for Combustion Problems},
  booktitle = {{{SoTiC}} ({{Symposium}} on {{Thermoacoustics}} in {{Combustion}}: {{Industry}} Meets {{Academia}} ) 2023},
  author = {Roncen, Remi and Cardesa Duenas, Jose and Marchal, Thomas},
  year = {2023},
  address = {Zurich, Switzerland},
  urldate = {2025-08-27}
}

@article{roncen2023GenericBroadbandNonlinear,
  title = {Generic and Broadband Non-Linear Time Domain Impedance Boundary Condition},
  author = {Roncen, R{\'e}mi and Cardesa, Jos{\'e} Ignacio},
  year = {2023},
  journal = {Journal of Sound and Vibration},
  volume = {554},
  pages = {117691},
  doi = {10.1016/j.jsv.2023.117691},
  urldate = {2025-09-14}
}

@article{rubio-rubio2023SuppressionThermoacousticInstabilities,
  title = {Suppression of Thermoacoustic Instabilities by Flame-Structure Interaction},
  author = {{Rubio-Rubio}, Mariano and {Veiga-L{\'o}pez}, Fernando and {Mart{\'i}nez-Ruiz}, Daniel and {Fern{\'a}ndez-Tarrazo}, Eduardo and {S{\'a}nchez-Sanz}, Mario},
  year = {2023},
  journal = {Proceedings of the Combustion Institute},
  volume = {39},
  number = {2},
  pages = {1577--1585},
  doi = {10.1016/j.proci.2022.07.165},
  urldate = {2025-06-20}
}

@article{rudy1980NonreflectingOutflowBoundary,
  title = {A Nonreflecting Outflow Boundary Condition for Subsonic Navier-Stokes Calculations},
  author = {Rudy, David H. and Strikwerda, John C.},
  year = {1980},
  journal = {Journal of Computational Physics},
  volume = {36},
  number = {1},
  pages = {55--70},
  doi = {10.1016/0021-9991(80)90174-6},
  urldate = {2025-09-10}
}

@article{rudy1981BoundaryConditionsSubsonic,
  title = {Boundary Conditions for Subsonic Compressible {{Navier-Stokes}} Calculations},
  author = {Rudy, David H. and Strikwerda, John C.},
  year = {1981},
  journal = {Computers \& Fluids},
  volume = {9},
  number = {3},
  pages = {327--338},
  doi = {10.1016/0045-7930(81)90005-0},
  urldate = {2025-09-10}
}

@article{runge1901UberEmpirischeFunktionen,
  title = {{{\"U}ber Empirische Funktionen und die Interpolation Zwischen {\"A}quidistanten Ordinaten}},
  author = {Runge, Carl},
  year = {1901},
  journal = {Zeitschrift f{\"u}r Mathematik und Physik},
  volume = {46},
  number = {224-243},
  pages = {20}
}

@article{sabathier1981ExperimentalStudyWeak,
  title = {Experimental {{Study}} of a {{Weak Turbu}}\-lent {{Premixed Flame}}},
  author = {Sabathier, F. and Boyer, L. and Clavin, P.},
  year = {1981},
  journal = {Progress in Astronautics and Aeronautics},
  volume = {76},
  pages = {246--258}
}

@article{saffman1958PenetrationFluidPorous,
  title = {The {{Penetration}} of a {{Fluid}} into a {{Porous Medium}} or {{Hele-Shaw Cell Containing}} a {{More Viscous Liquid}}},
  author = {Saffman, Philip Geoffrey and Taylor, Geoffrey Ingram},
  year = {1958},
  journal = {Proceedings of the Royal Society of London. Series A. Mathematical and Physical Sciences},
  volume = {245},
  number = {1242},
  pages = {312--329},
  publisher = {Royal Society},
  doi = {10.1098/rspa.1958.0085},
  urldate = {2024-09-27}
}

@book{sasoh2020CompressibleFluidDynamics,
  title = {Compressible {{Fluid Dynamics}} and {{Shock Waves}}},
  author = {Sasoh, Akihiro},
  year = {2020},
  publisher = {Springer},
  address = {Singapore},
  doi = {10.1007/978-981-15-0504-1},
  urldate = {2024-02-21},
  isbn = {978-981-15-0503-4}
}

@article{schau2023ProgrammingApproachesScalability,
  title = {Programming Approaches for Scalability, Performance, and Portability of Combustion Physics Codes},
  author = {Schau, Kyle A. and Purushotham, Dhruv and Oefelein, Joseph C.},
  year = {2023},
  journal = {Proceedings of the Combustion Institute},
  volume = {39},
  number = {4},
  pages = {5137--5144},
  doi = {10.1016/j.proci.2022.08.093},
  urldate = {2024-12-13}
}

@article{schiavone2024ArrheniusBasedOneStepReaction,
  title = {An {{Arrhenius-Based One-Step Reaction Mechanism}} for {{Hydrogen-Air Flames Simulations}} in an {{Extended Range}} of {{Operating Conditions}}},
  author = {Schiavone, Francesco G. and Detomaso, Nicola and Torresi, Marco and Laera, Davide},
  year = {2024},
  journal = {International Journal of Hydrogen Energy},
  volume = {57},
  pages = {1229--1243},
  doi = {10.1016/j.ijhydene.2023.12.301},
  urldate = {2024-04-23}
}

@misc{schneider2024FlamewallInteractionThermodiffusively,
  title = {Flame-Wall Interaction of Thermodiffusively Unstable Hydrogen/Air Flames -- {{Part I}}: {{Characterization}} of Governing Physical Phenomena},
  author = {Schneider, Max and Nicolai, Hendrik and Schuh, Vinzenz and Steinhausen, Matthias and Hasse, Christian},
  year = {2024},
  number = {arXiv:2411.17590},
  publisher = {arXiv},
  doi = {10.48550/arXiv.2411.17590},
  urldate = {2024-11-29}
}

@article{schonfeld1999SteadyUnsteadyFlow,
  title = {Steady and {{Unsteady Flow Simulations Using}} the {{Hybrid Flow Solver AVBP}}},
  author = {Schonfeld, Thilo and Rudgyard, Michael},
  year = {1999},
  journal = {AIAA Journal},
  volume = {37},
  number = {11},
  pages = {1378--1385},
  publisher = {{American Institute of Aeronautics and Astronautics}},
  doi = {10.2514/2.636},
  urldate = {2025-09-11}
}

@article{schuller2002DynamicsNoiseRadiated,
  title = {Dynamics of and Noise Radiated by a Perturbed Impinging Premixed Jet Flame},
  author = {Schuller, T and Durox, D and Candel, S},
  year = {2002},
  journal = {Combustion and Flame},
  volume = {128},
  number = {1},
  pages = {88--110},
  doi = {10.1016/S0010-2180(01)00334-0},
  urldate = {2025-04-14}
}

@article{schuller2002ModelingToolsPrediction,
  title = {Modeling Tools for the Prediction of Premixed Flame Transfer Functions},
  author = {Schuller, Thierry and Ducruix, S{\'e}bastien and Durox, Daniel and Candel, S{\'e}bastien},
  year = {2002},
  journal = {Proceedings of the Combustion Institute},
  series = {Proceedings of the {{Combustion Institute}}},
  volume = {29},
  number = {1},
  pages = {107--113},
  doi = {10.1016/S1540-7489(02)80018-9},
  urldate = {2025-06-02}
}

@article{searby1986WeaklyTurbulentWrinkled,
  title = {Weakly {{Turbulent}}, {{Wrinkled Flames}} in {{Premixed Gases}}},
  author = {Searby, G. and Clavin, P.},
  year = {1986},
  journal = {Combustion Science and Technology},
  volume = {46},
  number = {3-6},
  pages = {167--193},
  publisher = {Taylor \& Francis},
  doi = {10.1080/00102208608959799},
  urldate = {2024-05-31}
}

@article{searby1991ParametricAcousticInstability,
  title = {A {{Parametric Acoustic Instability}} in {{Premixed Flames}}},
  author = {Searby, G. and Rochwerger, D.},
  year = {1991},
  journal = {Journal of Fluid Mechanics},
  volume = {231},
  pages = {529--543},
  doi = {10.1017/S002211209100349X},
  urldate = {2024-05-31}
}

@article{searby1992AcousticInstabilityPremixed,
  title = {Acoustic {{Instability}} in {{Premixed Flames}}},
  author = {Searby, G.},
  year = {1992},
  journal = {Combustion Science and Technology},
  volume = {81},
  number = {4-6},
  pages = {221--231},
  publisher = {Taylor \& Francis},
  doi = {10.1080/00102209208951803},
  urldate = {2023-11-22}
}

@inproceedings{searby2001ExperimentalStudiesLaminar,
  title = {Experimental {{Studies}} of {{Laminar Flame Instabilities}}},
  booktitle = {Coherent {{Structures}} in {{Complex Systems}}},
  author = {Searby, Geoff and Truffaut, Jean-Marie},
  editor = {Reguera, David and Rub{\'i}, Jos{\'e} Miguel and Bonilla, Luis L{\'o}pez},
  year = {2001},
  pages = {159--181},
  publisher = {Springer},
  address = {Berlin, Heidelberg},
  doi = {10.1007/3-540-44698-2_10},
  isbn = {978-3-540-44698-9}
}

@article{shanbhogue2009LeanBlowoffBluff,
  title = {Lean {{Blowoff}} of {{Bluff Body Stabilized Flames}}: {{Scaling}} and {{Dynamics}}},
  author = {Shanbhogue, Santosh J. and Husain, Sajjad and Lieuwen, Tim},
  year = {2009},
  journal = {Progress in Energy and Combustion Science},
  volume = {35},
  number = {1},
  pages = {98--120},
  doi = {10.1016/j.pecs.2008.07.003},
  urldate = {2023-09-24}
}

@techreport{sharp1983OverviewRayleighTaylorInstability,
  type = {Article},
  title = {Overview of {{Rayleigh-Taylor}} Instability},
  author = {Sharp, D. H.},
  year = {1983},
  number = {LA-UR-83-2130},
  institution = {Los Alamos National Laboratory},
  urldate = {2024-09-19}
}

@book{shen2011SpectralMethodsAlgorithms,
  title = {Spectral {{Methods}}: {{Algorithms}}, {{Analysis}} and {{Applications}}},
  author = {Shen, Jie and Tang, Tao and Wang, Li-Lian},
  year = {2011},
  volume = {41},
  publisher = {Springer Science \& Business Media}
}

@article{shu2003LocalRadialBasis,
  title = {Local Radial Basis Function-Based Differential Quadrature Method and Its Application to Solve Two-Dimensional Incompressible {{Navier}}--{{Stokes}} Equations},
  author = {Shu, C and Ding, H and Yeo, K. S},
  year = {2003},
  journal = {Computer Methods in Applied Mechanics and Engineering},
  volume = {192},
  number = {7},
  pages = {941--954},
  doi = {10.1016/S0045-7825(02)00618-7},
  urldate = {2025-09-15}
}

@article{silva2023IntrinsicThermoacousticInstabilities,
  title = {Intrinsic {{Thermoacoustic Instabilities}}},
  author = {Silva, Camilo F.},
  year = {2023},
  journal = {Progress in Energy and Combustion Science},
  volume = {95},
  pages = {101065},
  doi = {10.1016/j.pecs.2022.101065},
  urldate = {2024-09-17}
}

@article{sivashinsky1977DiffusionalThermalTheoryCellular,
  title = {Diffusional-{{Thermal Theory}} of {{Cellular Flames}}},
  author = {Sivashinsky, G. I.},
  year = {1977},
  journal = {Combustion Science and Technology},
  volume = {15},
  number = {3-4},
  pages = {137--145},
  publisher = {Taylor \& Francis},
  doi = {10.1080/00102207708946779},
  urldate = {2024-06-26}
}

@article{sivashinsky1977NonlinearAnalysisHydrodynamic,
  title = {Nonlinear {{Analysis}} of {{Hydrodynamic Instability}} in {{Laminar Flames}}---{{I}}. {{Derivation}} of {{Basic Equations}}},
  author = {Sivashinsky, G. I.},
  year = {1977},
  journal = {Acta Astronautica},
  volume = {4},
  number = {11},
  pages = {1177--1206},
  doi = {10.1016/0094-5765(77)90096-0},
  urldate = {2024-07-03}
}

@article{sivashinsky1981StabilityNonadiabaticFlames,
  title = {On the {{Stability}} of {{Nonadiabatic Flames}}},
  author = {Sivashinsky, G. I. and Matkowsky, B. J.},
  year = {1981},
  journal = {SIAM Journal on Applied Mathematics},
  volume = {40},
  number = {2},
  pages = {255--260},
  publisher = {{Society for Industrial and Applied Mathematics}},
  doi = {10.1137/0140021},
  urldate = {2024-09-17}
}

@article{sivashinsky1983InstabilitiesPatternFormation,
  title = {Instabilities, {{Pattern Formation}}, and {{Turbulence}} in {{Flames}}},
  author = {Sivashinsky, G I},
  year = {1983},
  journal = {Annual Review of Fluid Mechanics},
  volume = {15},
  number = {1},
  pages = {179--199},
  doi = {10.1146/annurev.fl.15.010183.001143},
  urldate = {2024-02-23}
}

@article{soderlind2015Stiffness19522012Sixty,
  title = {Stiffness 1952--2012: {{Sixty Years}} in {{Search}} of a {{Definition}}},
  author = {S{\"o}derlind, Gustaf and Jay, Laurent and Calvo, Manuel},
  year = {2015},
  journal = {BIT Numerical Mathematics},
  volume = {55},
  number = {2},
  pages = {531--558},
  publisher = {Springer}
}

@article{soret1879LetatDequilibreQue,
  title = {{Sur L'{\'e}tat D'{\'e}quilibre Que Prend Au Point De Vue De Sa Concentration Une Dissolution Saline Primitivement Homog{\'e}ne Dont Deux Parties Sont Port{\'e}es a Des Temp{\'e}ratures Diff{\'e}rentes}},
  author = {Soret, C. H.},
  year = {1879},
  journal = {Archives des Sciences Physiques et Naturelles},
  volume = {2},
  number = {48},
  doi = {10.1051/jphystap:018800090033101}
}

@article{speck2018ParallelizingSpectralDeferred,
  title = {Parallelizing {{Spectral Deferred Corrections Across}} the {{Method}}},
  author = {Speck, Robert},
  year = {2018},
  journal = {Computing and Visualization in Science},
  volume = {19},
  number = {3},
  pages = {75--83},
  doi = {10.1007/s00791-018-0298-x},
  urldate = {2023-11-23}
}

@article{speck2019Algorithm997PySDC,
  title = {Algorithm 997: {{pySDC}}---{{Prototyping Spectral Deferred Corrections}}},
  author = {Speck, Robert},
  year = {2019},
  journal = {ACM Transactions on Mathematical Software},
  volume = {45},
  number = {3},
  pages = {35:1--35:23},
  doi = {10.1145/3310410},
  urldate = {2023-11-23}
}

@inproceedings{stam1999StableFluids,
  title = {Stable {{Fluids}}},
  booktitle = {Proceedings of the 26th Annual Conference on {{Computer}} Graphics and Interactive Techniques},
  author = {Stam, Jos},
  year = {1999},
  pages = {121--128},
  publisher = {ACM Press/Addison-Wesley Publishing Co.},
  doi = {10.1145/311535.311548},
  isbn = {0-201-48560-5}
}

@misc{starepravo2025CanNeuralNetworks,
  title = {Can {{Neural Networks Bridge}} the {{Gap Between Lagrangian Mesh-Free Methods}} and {{High-Order Interpolants}}?},
  author = {Starepravo, Lucas Gerken and Fourtakas, Georgios and Lind, Steven and Harish, Ajay and King, Jack R. C.},
  year = {2025},
  number = {arXiv:2503.23230},
  publisher = {arXiv},
  doi = {10.48550/arXiv.2503.23230},
  urldate = {2025-08-29}
}

@article{stepien2021ComprehensiveOverviewHydrogenFueled,
  title = {A {{Comprehensive Overview}} of {{Hydrogen-Fueled Internal Combustion Engines}}: {{Achievements}} and {{Future Challenges}}},
  author = {St{\k e}pie{\'n}, Zbigniew},
  year = {2021},
  journal = {Energies},
  volume = {14},
  number = {20},
  pages = {6504},
  publisher = {Multidisciplinary Digital Publishing Institute},
  doi = {10.3390/en14206504},
  urldate = {2024-04-09}
}

@book{strehlow1968FundamentalsCombustion,
  title = {Fundamentals of {{Combustion}}},
  author = {Strehlow, R. A.},
  year = {1968},
  publisher = {Int. Textbook Co.},
  address = {Scranton, PA}
}

@article{strikwerda1976InitialBoundaryValue,
  title = {Initial {{Boundary Value Problems}} for {{Incompletely Parabolic Systems}}.},
  author = {Strikwerda, John Charles},
  year = {1976},
  number = {STANCS76565},
  urldate = {2025-09-10}
}

@article{suchde2023PointCloudGeneration,
  title = {Point {{Cloud Generation}} for {{Meshfree Methods}}: {{An Overview}}},
  author = {Suchde, Pratik and Jacquemin, Thibault and Davydov, Oleg},
  year = {2023},
  journal = {Archives of Computational Methods in Engineering},
  volume = {30},
  number = {2},
  pages = {889--915},
  doi = {10.1007/s11831-022-09820-w},
  urldate = {2025-09-15}
}

@book{suli2003IntroductionNumericalAnalysis,
  title = {An {{Introduction}} to {{Numerical Analysis}}},
  author = {S{\"u}li, Endre and Mayers, David F.},
  year = {2003},
  publisher = {Cambridge University Press},
  googlebooks = {hj9weaqJTbQC},
  isbn = {978-0-521-00794-8}
}

@article{sutherland2003ImprovedBoundaryConditions,
  title = {Improved {{Boundary Conditions}} for {{Viscous}}, {{Reacting}}, {{Compressible Flows}}},
  author = {Sutherland, James C. and Kennedy, Christopher A.},
  year = {2003},
  journal = {Journal of Computational Physics},
  volume = {191},
  number = {2},
  pages = {502--524},
  doi = {10.1016/S0021-9991(03)00328-0},
  urldate = {2024-04-09}
}

@article{tachibana2015ExperimentalNumericalInvestigation,
  title = {Experimental and Numerical Investigation of Thermo-Acoustic Instability in a Liquid-Fuel Aero-Engine Combustor at Elevated Pressure: {{Validity}} of Large-Eddy Simulation of Spray Combustion},
  author = {Tachibana, Shigeru and Saito, Kinya and Yamamoto, Takeshi and Makida, Mitsumasa and Kitano, Tomoaki and Kurose, Ryoichi},
  year = {2015},
  journal = {Combustion and Flame},
  volume = {162},
  number = {6},
  pages = {2621--2637},
  doi = {10.1016/j.combustflame.2015.03.014},
  urldate = {2025-08-28}
}

@article{tang2013HighOrderConvergenceSpectral,
  title = {High-{{Order Convergence}} of {{Spectral Deferred Correction Methods}} on {{General Quadrature Nodes}}},
  author = {Tang, Tao and Xie, Hehu and Yin, Xiaobo},
  year = {2013},
  journal = {Journal of Scientific Computing},
  volume = {56},
  pages = {1--13},
  publisher = {Springer}
}

@inproceedings{taylor1950InstabilityLiquidSurfaces,
  title = {The {{Instability}} of {{Liquid Surfaces When Accelerated}} in a {{Direction Perpendicular}} to {{Their Planes}}},
  booktitle = {Proceedings of the {{Royal Society}} of {{London}}. {{Series A}}, {{Mathematical}} and {{Physical Sciences}}},
  author = {Taylor, G. I.},
  year = {1950},
  series = {Series {{A}}, {{Mathematical}} and {{Physical Sciences}}},
  volume = {201},
  pages = {192--196},
  doi = {10.1098/rspa.1950.0052}
}

@book{tennekes1972FirstCourseTurbulence,
  title = {A {{First Course}} in {{Turbulence}}},
  author = {Tennekes, Hendrik and Lumley, John Leask},
  year = {1972},
  publisher = {MIT Press},
  isbn = {978-0-262-20019-6}
}

@book{thomas1995NumericalPartialDifferential,
  title = {Numerical {{Partial Differential Equations}}: {{Finite Difference Methods}}},
  author = {Thomas, J W},
  year = {1995},
  series = {Texts in {{Applied Mathematics}}},
  edition = {1},
  publisher = {Springer},
  isbn = {0-387-97999-9}
}

@misc{thompson1987LecturesSeriesComputational,
  title = {Lectures {{Series}} in {{Computational Fluid Dynamics}}},
  author = {Thompson, Kevin W.},
  year = {1987},
  publisher = {NASA},
  urldate = {2024-04-18}
}

@article{thompson1987TimeDependentBoundary,
  title = {Time {{Dependent Boundary Conditions}} for {{Hyperbolic Systems}}},
  author = {Thompson, Kevin W},
  year = {1987},
  journal = {Journal of Computational Physics},
  volume = {68},
  number = {1},
  pages = {1--24},
  doi = {10.1016/0021-9991(87)90041-6},
  urldate = {2024-04-08}
}

@article{thompson1990TimeDependentBoundaryConditions,
  title = {Time-{{Dependent Boundary Conditions}} for {{Hyperbolic Systems}}, {{II}}},
  author = {Thompson, Kevin W},
  year = {1990},
  journal = {Journal of Computational Physics},
  volume = {89},
  number = {2},
  pages = {439--461},
  doi = {10.1016/0021-9991(90)90152-Q},
  urldate = {2024-04-09}
}

@article{thual1985ApplicationPoleDecomposition,
  title = {Application of {{Pole Decomposition}} to an {{Equation Governing}} the {{Dynamics}} of {{Wrinkled Flame Fronts}}},
  author = {Thual, O. and Frisch, U. and H{\'e}non, M.},
  editor = {Pelc{\'e}, Pierre},
  year = {1985},
  journal = {Journal of Physics},
  volume = {46},
  pages = {1485--1495},
  doi = {10.1016/B978-0-08-092523-3.50049-6},
  urldate = {2024-09-24}
}

@article{tieszen2001FluidMechanicsFires,
  title = {On the {{Fluid Mechanics}} of {{Fires}}},
  author = {Tieszen, Sheldon R.},
  year = {2001},
  journal = {Annual Review of Fluid Mechanics},
  volume = {33},
  number = {Volume 33, 2001},
  pages = {67--92},
  publisher = {Annual Reviews},
  doi = {10.1146/annurev.fluid.33.1.67},
  urldate = {2024-12-12}
}

@article{torregrosa2025ThermoacousticStabilityAnalysis,
  title = {Thermoacoustic {{Stability Analysis}} of {{Methane}} and {{Hydrogen Laminar Systems}}: {{Sensitivity}} to {{Combustor Transversal Dimension}} at a {{Constant Heat Release Rate}}},
  author = {Torregrosa, Antonio J. and Broatch, Alberto and {Garc{\'i}a-T{\'i}scar}, Jorge and Bordoni, Adriano},
  year = {2025},
  journal = {Combustion Science and Technology},
  volume = {0},
  number = {0},
  pages = {1--28},
  publisher = {Taylor \& Francis},
  doi = {10.1080/00102202.2025.2542926},
  urldate = {2025-08-12}
}

@article{trask2016CompactMovingLeast,
  title = {Compact Moving Least Squares: {{An}} Optimization Framework for Generating High-Order Compact Meshless Discretizations},
  author = {Trask, Nathaniel and Maxey, Martin and Hu, Xiaozhe},
  year = {2016},
  journal = {Journal of Computational Physics},
  volume = {326},
  pages = {596--611},
  doi = {10.1016/j.jcp.2016.08.045},
  urldate = {2025-09-15}
}

@article{trask2017HighOrderStaggeredMeshless,
  title = {A {{High-Order Staggered Meshless Method}} for {{Elliptic Problems}}},
  author = {Trask, Nathaniel and Perego, Mauro and Bochev, Pavel},
  year = {2017},
  journal = {SIAM Journal on Scientific Computing},
  volume = {39},
  number = {2},
  pages = {A479-A502},
  publisher = {{Society for Industrial and Applied Mathematics}},
  doi = {10.1137/16M1055992},
  urldate = {2025-09-15}
}

@book{trefethen2000SpectralMethodsMATLAB,
  title = {Spectral {{Methods}} in {{MATLAB}}},
  author = {Trefethen, Lloyd N},
  year = {2000},
  publisher = {{Society for Industrial and Applied Mathematics}}
}

@article{trefethen2022ExactnessQuadratureFormulas,
  title = {Exactness of {{Quadrature Formulas}}},
  author = {Trefethen, Lloyd N.},
  year = {2022},
  journal = {SIAM Review},
  volume = {64},
  number = {1},
  pages = {132--150},
  publisher = {{Society for Industrial and Applied Mathematics}},
  doi = {10.1137/20M1389522},
  urldate = {2023-11-16}
}

@article{tseng2002EffectsHydrogenAddition,
  title = {Effects of Hydrogen Addition on Methane Combustion in a Porous Medium Burner},
  author = {Tseng, Chung-jen},
  year = {2002},
  journal = {International Journal of Hydrogen Energy},
  volume = {27},
  number = {6},
  pages = {699--707},
  doi = {10.1016/S0360-3199(01)00173-2},
  urldate = {2024-09-29}
}

@mastersthesis{uddin2018RevisionistIntegralDeferred,
  title = {Revisionist {{Integral Deferred Correction Methods}} with {{Application}} to the {{Moving Method}} of {{Lines}}},
  author = {Uddin, Bilal},
  year = {2018},
  urldate = {2023-09-16},
  school = {Memorial University of Newfoundland}
}

@misc{unitednations2015ParisAgreementUNFCCC,
  title = {The {{Paris Agreement}} {\textbar} {{UNFCCC}}},
  author = {United Nations},
  year = {2015},
  journal = {https://unfccc.int/process-and-meetings/the-paris-agreement},
  urldate = {2024-09-29}
}

@article{vacondio2021GrandChallengesSmoothed,
  title = {Grand {{Challenges}} for {{Smoothed Particle Hydrodynamics Numerical Schemes}}},
  author = {Vacondio, Renato and Altomare, Corrado and De Leffe, Matthieu and Hu, Xiangyu and Le Touz{\'e}, David and Lind, Steven and Marongiu, Jean-Christophe and Marrone, Salvatore and Rogers, Benedict D. and {Souto-Iglesias}, Antonio},
  year = {2021},
  journal = {Computational Particle Mechanics},
  volume = {8},
  number = {3},
  pages = {575--588},
  doi = {10.1007/s40571-020-00354-1},
  urldate = {2023-09-23}
}

@article{vanderhouwen1991IteratedRungeKuttaMethods,
  title = {Iterated {{Runge-}}--{{Kutta Methods}} on {{Parallel Computers}}},
  author = {{van der Houwen}, P. J. and Sommeijer, B. P.},
  year = {1991},
  journal = {SIAM Journal on Scientific and Statistical Computing},
  volume = {12},
  number = {5},
  pages = {1000--1028}
}

@article{vanderhouwen1992EmbeddedDiagonallyImplicit,
  title = {Embedded {{Diagonally Implicit Runge-Kutta Algorithms}} on {{Parallel Computers}}},
  author = {{van der Houwen}, Pieter J and Sommeijer, Ben P and Couzy, W},
  year = {1992},
  journal = {Mathematics of Computation},
  volume = {58},
  number = {197},
  pages = {135--159}
}

@article{vaynblat2000StabilityPoleSolutions,
  title = {Stability of {{Pole Solutions}} for {{Planar Propagating Flames}}: {{II}}. {{Properties}} of {{Eigenvalues}}/{{Eigenfunctions}} and {{Implications}} to {{Stability}}},
  author = {Vaynblat, Dimitri and Matalon, Moshe},
  year = {2000},
  journal = {SIAM Journal on Applied Mathematics},
  volume = {60},
  number = {2},
  pages = {703--728},
  publisher = {{Society for Industrial and Applied Mathematics}},
  doi = {10.1137/S0036139998346440},
  urldate = {2024-07-24}
}

@article{vaynblat2000StabilityPoleSolutionsa,
  title = {Stability of {{Pole Solutions}} for {{Planar Propagating Flames}}: {{I}}. {{Exact Eigenvalues}} and {{Eigenfunctions}}},
  author = {Vaynblat, Dimitri and Matalon, Moshe},
  year = {2000},
  journal = {SIAM Journal on Applied Mathematics},
  volume = {60},
  number = {2},
  pages = {679--702},
  publisher = {{Society for Industrial and Applied Mathematics}},
  doi = {10.1137/S0036139998346439},
  urldate = {2024-07-24}
}

@article{veiga-lopez2020ThermoacousticAnalysisLean,
  title = {Thermoacoustic Analysis of Lean Premixed Hydrogen Flames in Narrow Vertical Channels},
  author = {{Veiga-L{\'o}pez}, Fernando and {Mart{\'i}nez-Ruiz}, Daniel and Kuznetsov, Mike and {S{\'a}nchez-Sanz}, Mario},
  year = {2020},
  journal = {Fuel},
  volume = {278},
  pages = {118212},
  doi = {10.1016/j.fuel.2020.118212},
  urldate = {2025-08-28}
}

@article{veynante2002TurbulentCombustionModeling,
  title = {Turbulent {{Combustion Modeling}}},
  author = {Veynante, Denis and Vervisch, Luc},
  year = {2002},
  journal = {Progress in Energy and Combustion Science},
  volume = {28},
  number = {3},
  pages = {193--266},
  doi = {10.1016/S0360-1285(01)00017-X},
  urldate = {2024-03-05}
}

@misc{vlaamssupercomputercentrum2025TieringSystem,
  title = {Tiering {{System}}},
  author = {Vlaams Supercomputer Centrum},
  year = {2025},
  journal = {VSC},
  urldate = {2025-09-08}
}

@article{vonhelmholtz1868UberDiscontinuierlicheFlussigkeitsBewegungen,
  title = {{\"U}ber {{Discontinuierliche Fl{\"u}ssigkeits-Bewegungen}}},
  author = {{von Helmholtz}, Hermann},
  year = {1868},
  journal = {Monatsberichte der K{\"o}niglichen Preussische Akademie der Wissenschaften zu Berlin},
  volume = {23},
  pages = {215--228}
}

@article{walker1996MPIStandardMessage,
  title = {{{MPI}}: {{A Standard Message Passing Interface}}},
  author = {Walker, David W and Dongarra, Jack J},
  year = {1996},
  journal = {Supercomputer},
  volume = {12},
  pages = {56--68},
  publisher = {ASFRA BV}
}

@article{wang2023ParallelNumericalPicard,
  title = {Parallel {{Numerical Picard Iteration Methods}}},
  author = {Wang, Yinkun},
  year = {2023},
  journal = {Journal of Scientific Computing},
  volume = {95},
  number = {1},
  pages = {27},
  doi = {10.1007/s10915-023-02156-y},
  urldate = {2023-09-18}
}

@article{wang2023RevisitingEffectiveLewis,
  title = {Revisiting Effective {{Lewis}} Number of Combustible Mixtures},
  author = {Wang, Lu-Qing and Ge, Yun and Ma, Hong-Hao},
  year = {2023},
  journal = {Fuel},
  volume = {343},
  pages = {127909},
  doi = {10.1016/j.fuel.2023.127909},
  urldate = {2025-01-29}
}

@phdthesis{white2023SoundPropagationLined,
  type = {Traditional Format},
  title = {Sound {{Propagation}} in {{Lined Ducts}} with {{Slowly Varying Boundaries}}},
  author = {White, T.},
  year = {2023},
  address = {Manchester},
  school = {University of Manchester}
}

@book{williams1985CombustionTheory,
  title = {Combustion {{Theory}}},
  author = {Williams, F.},
  year = {1985},
  edition = {2},
  publisher = {The Benjamin/Cummings Publishing Company, Inc.},
  address = {Princeton University},
  isbn = {0-201-40777-9}
}

@article{wilson2018RapidFuelSwitching,
  title = {Rapid Fuel Switching from Coal to Natural Gas through Effective Carbon Pricing},
  author = {Wilson, I. A. Grant and Staffell, Iain},
  year = {2018},
  journal = {Nature Energy},
  volume = {3},
  number = {5},
  pages = {365--372},
  publisher = {Nature Publishing Group},
  doi = {10.1038/s41560-018-0109-0},
  urldate = {2024-09-29}
}

@book{witham1999LinearNonlinearWaves,
  title = {Linear and {{Nonlinear Waves}}},
  author = {Witham, G. B.},
  year = {1999},
  publisher = {John Wiley \& Sons}
}

@phdthesis{wright2003RadialBasisFunction,
  title = {Radial Basis Function Interpolation: Numerical and Analytical Developments},
  author = {Wright, Grady Barrett},
  year = {2003},
  address = {USA},
  school = {University of Colorado at Boulder}
}

@article{xiao2015FormationEvolutionDistorted,
  title = {Formation and Evolution of Distorted Tulip Flames},
  author = {Xiao, Huahua and Houim, Ryan W. and Oran, Elaine S.},
  year = {2015},
  journal = {Combustion and Flame},
  volume = {162},
  number = {11},
  pages = {4084--4101},
  doi = {10.1016/j.combustflame.2015.08.020},
  urldate = {2025-06-20}
}

@article{xiao2018PremixedFlamePropagation,
  title = {Premixed {{Flame Propagation}} in {{Hydrogen Explosions}}},
  author = {Xiao, Huahua and Duan, Qiangling and Sun, Jinhua},
  year = {2018},
  journal = {Renewable and Sustainable Energy Reviews},
  volume = {81},
  number = {2},
  pages = {1988--2001},
  urldate = {2024-04-09}
}

@misc{yamazaki2023TimeParallelIntegration,
  title = {Time {{Parallel Integration}} and {{Phase Averaging}} for the {{Nonlinear Shallow Water Equations}} on the {{Sphere}}},
  author = {Yamazaki, Hiroe and Cotter, Colin J. and Wingate, Beth},
  year = {2023},
  number = {arXiv:2103.07706},
  publisher = {arXiv},
  doi = {10.48550/arXiv.2103.07706},
  urldate = {2023-12-10}
}

@article{yang2015LargeEddySimulationPresent,
  title = {Large-{{Eddy Simulation}}: {{Past}}, {{Present}} and the {{Future}}},
  author = {Yang, Zhiyin},
  year = {2015},
  journal = {Chinese Journal of Aeronautics},
  volume = {28},
  number = {1},
  pages = {11--24},
  doi = {10.1016/j.cja.2014.12.007},
  urldate = {2024-03-25}
}

@article{yang2018RoleDarrieusLandau,
  title = {Role of {{Darrieus}}--{{Landau}} Instability in Propagation of Expanding Turbulent Flames},
  author = {Yang, Sheng and Saha, Abhishek and Liu, Zirui and Law, Chung K.},
  year = {2018},
  journal = {Journal of Fluid Mechanics},
  volume = {850},
  pages = {784--802},
  doi = {10.1017/jfm.2018.426},
  urldate = {2024-12-09}
}

@article{yoo2007CharacteristicBoundaryConditions,
  title = {Characteristic {{Boundary Conditions}} for {{Simulations}} of {{Compressible Reacting Flows}} with {{Multi-Dimensional}}, {{Viscous}} and {{Reaction Effects}}},
  author = {Yoo, C. S. and Im, H. G.},
  year = {2007},
  journal = {Combustion Theory and Modelling},
  volume = {11},
  number = {2},
  pages = {259--286},
  publisher = {Taylor \& Francis Group},
  doi = {10.1080/13647830600898995},
  urldate = {2024-03-25}
}

@techreport{zabetakis1964FlammabilityCharacteristicsCombustible,
  title = {Flammability Characteristics of Combustible Gases and Vapors},
  author = {Zabetakis, M. G.},
  year = {1964},
  number = {BM-BULL-627},
  institution = {Bureau of Mines, Pittsburgh, PA (United States)},
  doi = {10.2172/7328370},
  urldate = {2024-11-04}
}

@article{zeldovich1944TheoryCombustionDetonation,
  title = {{Theory of Combustion and Detonation of Gases}},
  author = {Zeldovich, Y. B.},
  year = {1944},
  journal = {Academy of Sciences of the Soviet Union}
}

@article{zheng2017ExperimentalStudyPremixed,
  title = {Experimental {{Study}} on {{Premixed Flame Propagation}} of {{Hydrogen}}/{{Methane}}/{{Air Deflagration}} in {{Closed Ducts}}},
  author = {Zheng, Kai and Yu, Minggao and Zheng, Ligang and Wen, Xiaoping and Chu, Tingxiang and Wang, Liang},
  year = {2017},
  journal = {International Journal of Hydrogen Energy},
  volume = {42},
  number = {8},
  pages = {5426--5438},
  doi = {10.1016/j.ijhydene.2016.10.106},
  urldate = {2024-04-09}
}

@incollection{zienkiewicz20051StandardDiscrete,
  title = {1 - the {{Standard Discrete System}} and {{Origins}} of the {{Finite Element Method}}},
  booktitle = {The {{Finite Element Method Set}} ({{Sixth Edition}})},
  author = {Zienkiewicz, O. C. and Taylor, R. L. and Zhu, J. Z.},
  editor = {Zienkiewicz, O. C. and Taylor, R. L. and Zhu, J. Z.},
  year = {2005},
  pages = {1--18},
  publisher = {Butterworth-Heinemann},
  address = {Oxford},
  doi = {10.1016/B978-075066431-8.50169-7},
  urldate = {2023-12-20},
  isbn = {978-0-7506-6431-8}
}
